3625 7050
454 1222 551 1276 CXXI.
571 1237 675 1276 ausui
689 1238 751 1273 nor.
765 1237 802 1277 an
815 1235 897 1278 aava,
910 1234 1072 1273 enueeevvu
1085 1234 1127 1272 ar.
1147 1235 1172 1272 n.
1188 1224 1208 1269 t.
1222 1235 1281 1272 nar.
1297 1224 1356 1270 tata.
1477 1203 1549 1277 265

279 1511 411 1551 novun.
841 1474 981 1554 CXXI.

235 1558 449 1577 Ὰ-σ-

689 1668 976 1711 aavanaunrssrno
1000 1667 1127 1709 noumo

555 1753 593 1802 Ι).4
612 1750 824 1802 LAVRENTIO
848 1750 1037 1801 CAMPEGIO
1061 1750 1261 1802 caantnnnt

651 1839 803 1897 bassatus
825 1840 1068 1900 abrenuntiata
1090 1840 1116 1896 S.
1137 1839 1163 1895 tt.

348 1976 580 2034 Reverendissime
602 1976 724 2039 donnae,
747 1978 877 2033 virtutum
901 1986 1009 2033 tuarum
1025 1977 1173 2051 insignium
1189 1985 1217 2033 et
1232 1978 1394 2035 eruditionis
1410 1978 1555 2035 rarissimae

268 2063 334 2120 lama
363 2061 542 2119 inflammatus
570 2062 621 2117 iam
648 2062 752 2136 pridem
780 2063 870 2135 gestio
898 2070 926 2118 te
955 2070 983 2118 et
1005 2079 1087 2118 nosse
1115 2063 1228 2138 propius
1256 2071 1284 2118 et
1310 2082 1401 2120 coram
1434 2065 1555 2121 adorare.

267 2189 549 2203 ..........
571 2164 664 2203 verum
689 2165 722 2202 ne
751 2147 826 2202 nullo
855 2147 964 2203 interim
993 2156 1155 2221 argumento
1183 2149 1348 2205 declararem
1378 2167 1463 2206 meatu
1491 2167 1556 2222 erga

265 2233 293 2289 ll.
316 2232 346 2288 ll.
369 2232 399 2288 Τ.
428 2231 509 2287 animi
538 2232 763 2306 propensionem,
797 2232 876 2288 mitto
904 2232 1005 2288 b'ovuni
1040 2234 1241 2297 Testamentum
1273 2236 1378 2307 magnis
1411 2234 1556 2292 sudoribus

263 2318 355 2375 denuo
378 2335 394 2372 a
415 2334 458 2372 me
480 2317 664 2390 recognitum,
689 2317 762 2390 quod
785 2318 810 2372 S.
833 2317 860 2372 b.
881 2317 911 2372 N.
935 2317 1018 2372 Leoni
1040 2318 1156 2373 dicatum
1180 2319 1264 2391 ipsius
1287 2320 1397 2376 hortatu
1421 2321 1447 2375 in
1470 2319 1557 2375 lucem

213 2402 358 2463 uenat,
383 2394 608 2475 quemadmodum
631 2400 705 2456 illius
720 2401 802 2457 Breve
826 2408 944 2457 testatur
965 2401 1085 2458 additum
1108 2403 1135 2458 iu
1158 2403 1249 2476 rapieris
1273 2404 1452 2477 frontispicio.
1490 2404 1557 2459 llnic

262 2487 344 2543 britio
374 2484 556 2542 reclamabant
586 2486 708 2560 quidam,
737 2487 783 2542 sed
812 2487 858 2560 qui
885 2493 933 2541 aut
960 2504 1014 2541 nou
1044 2486 1170 2560 legebant
1200 2496 1246 2543 aut
1275 2505 1329 2543 non
1353 2487 1555 2561 intelligebant:

262 2587 337 2629 nunc
360 2569 562 2645 amplectuntur
584 2587 678 2627 omnies
700 2572 820 2644 exceptis
843 2570 1013 2645 paucissimis
1036 2589 1105 2643 quos
1129 2572 1212 2646 pudet
1235 2572 1404 2646 resipiscere.
1448 2574 1480 2629 lli
1496 2572 1556 2628 md·

261 2656 320 2713 lum
344 2673 399 2712 non
423 2663 530 2711 movent
552 2653 682 2729 lapidem,
705 2665 736 2710 ut
758 2656 843 2711 lisinas
867 2656 960 2712 literas
984 2657 1083 2729 passim
1101 2658 1307 2713 retlorescentes
1324 2647 1495 2731 opprimant;
1523 2657 1555 2714 ad

261 2740 289 2797 id
306 2739 465 2815 splendidos
481 2747 642 2813 praetexunt
664 2740 774 2803 titulos.
798 2741 939 2797 haereseon
962 2741 1193 2814 prolligationem,
1217 2741 1339 2798 ecclesiae
1360 2743 1555 2803 delensionem,

225 2842 327 2883 acum
350 2824 517 2881 mihicrede
545 2824 626 2897 longe
648 2824 719 2881 aliud
743 2833 847 2898 agatur.
891 2825 956 2880 llilri
984 2832 1058 2881 certe
1090 2825 1170 2882 rebus
1200 2826 1325 2882 omnibus
1354 2827 1461 2883 omissis
1490 2825 1556 2883 illud

263 2910 347 2967 unire
370 2909 460 2965 studio
484 2909 550 2972 luit,
581 2917 612 2966 nt
643 2927 731 2966 ureum
759 2910 928 2984 ingeniolum
956 2910 1008 2967 buc
1034 2919 1063 2965 et
1092 2910 1295 2985 qualescunque
1318 2911 1434 2967 literulae
1456 2911 1556 2966 tllrristi
1641 2972 1647 2982 ¹

262 2994 364 3069 gloriae
386 2993 518 3049 servirent
540 3012 570 3050 ac
592 2994 713 3051 ecelesiae
735 2996 897 3051 commodis:
927 2994 1008 3050 leonio
1025 3003 1114 3050 tamen
1130 3013 1205 3059 stim,
1228 2995 1280 3051 labi
1305 3014 1430 3070 possum:
1460 2995 1569 3070 quodsi.

262 3079 395 3135 iudicium
417 3077 513 3134 alicubi
536 3079 636 3141 deluit,
663 3079 768 3135 animus
789 3088 864 3136 certe
886 3087 978 3135 rectus
1001 3097 1055 3134 nou
1077 3080 1172 3135 deluit.
1217 3081 1342 3137 munibus
1365 3098 1444 3137 nemo
1467 3082 1558 3136 bacte-

263 3181 318 3220 nus
341 3161 457 3238 placuit;
490 3163 554 3218 milri
578 3164 644 3219 satis
667 3173 708 3219 est
731 3164 803 3236 quod
834 3165 945 3238 optitnis
973 3165 1126 3237 qttibusque
1148 3165 1251 3239 placeo.
1297 3165 1348 3221 Sed
1377 3167 1435 3222 ride
1465 3182 1557 3240 quaeso

213 3261 254 3304 eo
263 3248 514 3323 perversissimam,
543 3247 597 3303 imo
620 3248 832 3322 ingratissimam
855 3249 1023 3322 qttoruudam
1047 3249 1193 3306 maliciam:
1224 3251 1305 3307 diffisi
1329 3249 1405 3305 libris
1428 3258 1454 3306 et
1477 3267 1558 3320 argu·

263 3333 367 3390 mentis
390 3331 497 3406 quidam
525 3332 711 3406 sycophantiis
733 3334 946 3407 aggrediuntur:
985 3335 1111 3406 qriicquid
1141 3336 1232 3408 prodit
1261 3335 1430 3397 libellorum,
1459 3334 1558 3408 quibus

262 3419 319 3475 ltoe
342 3424 466 3492 tempore
489 3416 595 3490 quidam
619 3418 731 3473 nimium
753 3418 866 3474 licenter
888 3417 998 3480 ludunt,
1022 3419 1087 3473 utilri
1102 3419 1266 3493 impingunt.
1302 3420 1444 3476 Prodierat
1460 3436 1557 3480 nesso,

263 3520 327 3561 nam
351 3502 439 3558 isest
461 3501 546 3557 libelli
568 3502 707 3559 cniusdam
730 3502 825 3560 ludicri
843 3503 954 3565 titulus:
983 3521 1071 3559 inerim
1094 3521 1155 3560 esse
1177 3505 1423 3568 calumniabantur,
1447 3513 1474 3561 et
1498 3522 1559 3578 per-

263 3595 422 3649 suaserant,
451 3588 479 3642 ui
506 3595 588 3643 autor
617 3588 702 3643 iratus
733 3588 784 3644 sibi
812 3607 890 3644 surim
919 3607 988 3662 opus
1018 3589 1187 3645 vindicasset.
1241 3591 1362 3646 exierant
1389 3592 1559 3647 nersroaas

213 3672 391 3747 ezqumlam
414 3672 547 3737 ridiculam
580 3690 634 3728 non
656 3674 768 3728 deerant
791 3675 837 3747 qui
860 3691 901 3729 me
924 3674 1048 3728 adiutore
1071 3674 1186 3747 scriptas
1208 3676 1373 3730 dictitarent.
1418 3683 1559 3748 postremo

265 3757 378 3832 prodiit
392 3756 485 3812 nescio
509 3757 606 3829 quibus
629 3758 722 3813 avilius
745 3776 814 3831 opus
837 3758 942 3813 llartini
959 3758 1085 3813 Lutlreri:
1116 3767 1197 3813 autor
1218 3759 1283 3815 inibi
1308 3767 1361 3814 tam
1385 3760 1494 3831 ignotus
1517 3765 1560 3813 est

266 3859 350 3916 quam
373 3841 419 3914 qui
442 3841 561 3900 omniurn
585 3842 785 3913 ignotissimos,
810 3842 909 3898 librum
932 3842 1051 3897 nondum
1075 3842 1194 3920 perlegi,
1217 3852 1244 3898 et
1268 3851 1356 3897 tamen
1377 3844 1454 3898 initio
1471 3859 1560 3898 rtreum

266 3935 329 3982 esse
356 3925 544 3987 dictitabant..
563 3944 624 3982 cum
653 3925 708 3983 illic
736 3945 784 3983 nec
813 3945 882 3983 irritis
910 3925 1033 3998 apiculas
1062 3928 1097 3981 sit
1127 3944 1212 3982 niens.
1267 3926 1368 3982 llorum
1400 3944 1461 3982 curn
1492 3926 1559 3982 nilril

267 4011 357 4066 adbuc
378 4010 522 4084 procedat,
547 4010 604 4084 ipsa
626 4028 656 4066 re
679 4012 833 4068 revincente
856 4010 1037 4072 mendacium,
1063 4027 1199 4066 ntanotu
1222 4012 1360 4067 cuiusdam
1377 4011 1560 4084 suspicionem

213 4095 335 4157 sonim
358 4094 510 4150 moliuntur
532 4095 695 4169 impingere:
730 4098 767 4158 is,
792 4105 820 4151 ut
844 4114 875 4150 cx
898 4103 1060 4168 argumento
1083 4096 1149 4151 satis
1171 4103 1295 4157 constat,
1325 4096 1444 4170 scriptus
1467 4102 1509 4152 est
1532 4096 1558 4150 in

268 4180 361 4236 odium
388 4179 442 4235 divi
470 4177 529 4234 lulii
558 4180 694 4253 pontilicis
724 4181 830 4236 maximi
857 4179 1010 4235 schismatis
1039 4188 1175 4254 tempore;
1208 4181 1255 4236 sed
1278 4200 1292 4237 a
1315 4198 1385 4254 qino,
1415 4181 1561 4242 incertum;

267 4272 331 4321 ante
355 4263 476 4338 quinque
498 4281 584 4320 annos
606 4264 746 4338 degustavi
769 4267 859 4321 verius
882 4282 962 4338 apuam
986 4264 1055 4337 legi;
1084 4275 1148 4339 post
1167 4266 1276 4340 repperi
1291 4266 1318 4321 in
1334 4267 1474 4321 Germania
1490 4265 1561 4338 apud

269 4349 403 4423 quosdam
425 4348 606 4422 descriptum,
635 4349 684 4405 sed
707 4350 786 4405 variis
809 4350 905 4406 titulis.
950 4350 1057 4423 quidam
1083 4350 1252 4407 testabantur
1273 4350 1383 4425 llispani
1411 4350 1561 4425 cuiuspiam

269 4531 366 4581 cxxt
410 4528 626 4581 l...5=1ndic.
646 4532 938 4597 bibliogr.n.53,t...5.
1001 4532 1025 4596 l)
1044 4550 1070 4598 p.
1083 4532 1142 4582 tot.
1156 4549 1195 4598 sq.
1257 4481 1588 4599 2)p.411l.sq.ll11.t.l

425 4613 452 4676 3)
472 4630 497 4680 p.
509 4613 567 4664 394.
581 4630 621 4678 sq.
670 4616 696 4677 l)
716 4633 741 4681 p.
756 4614 930 4681 amadan.
941 4617 962 4665 l.
998 4616 1025 4674 bl
1045 4617 1400 4683 coll.43ll.sq.n.ccccxv1.

335 4783 347 4817 ²
366 4800 478 4834 aar...n.
497 4788 597 4835 animer.
611 4788 686 4835 2...5.
751 4783 889 4849 ⁵Rever.]
908 4788 1017 4835 Eximie
1030 4790 1105 4839 2...5.
1166 4783 1299 4850 ⁸n.n.r.]
1319 4792 1347 4835 te
1361 4789 1434 4835 2...5.
1448 4785 1562 4851 -lrevn

268 4870 485 4920 dominationem
507 4871 593 4934 tuam)
663 4869 804 4935 ”amul
829 4869 954 4935 pontifici
971 4875 1045 4919 2...5.
1067 4899 1100 4906 —
1118 4871 1305 4933 (sanctissimo
1327 4871 1436 4920 domino
1458 4869 1563 4933 nostro)

269 4953 290 4986 ¹⁵
308 4968 390 5020 qaum
409 4952 484 5005 t...5.
502 4961 527 5003 et
544 4959 581 5005 sic
599 4958 625 5006 iu
642 4973 698 5021 sqq.
757 4952 779 4988 ²⁰
797 4957 877 5005 immo
896 4958 954 5003 45.
1013 4956 1147 5005 malitiam
1167 4958 1224 5003 Μ.
1282 4952 1304 4985 ²⁸
1322 4945 1464 5005 arretor'd.
1483 4961 1509 5004 et
1525 4958 1564 5004 sic

267 5044 293 5088 tn
310 5055 368 5104 sqq.
437 5038 618 5090 vendicasset
637 5042 710 5089 a...5.
780 5038 935 5104 artsroam]
960 5041 1135 5090 obscurorum
1153 5042 1236 5089 viror.
1306 5036 1328 5071 ²⁸
1350 5041 1386 5089 M.
1406 5040 1522 5089 Lulheri
1537 5043 1561 5090 1.

266 5121 289 5154 ¹⁹
306 5122 414 5188 Dialopi
431 5123 536 5181 ‘latins'‚
556 5127 598 5188 qui
614 5129 663 5173 inm
682 5142 705 5174 a.
722 5124 794 5175 151³.
812 5126 948 5189 prodierat
967 5123 1092 5186 Flanato)
1105 5123 1280 5186 Alndrelino)
1293 5123 1500 5187 dloroliviensi)
1518 5142 1562 5173 au·

266 5215 348 5258 ctare.
384 5206 450 5256 Sunt
473 5212 516 5272 qui
537 5208 661 5274 hodieque
683 5211 797 5259 Hutteno
820 5210 982 5267 adscribunt,
1011 5226 1060 5259 non
1083 5214 1184 5260 nteliore
1207 5212 1262 5257 iure
1285 5225 1357 5273 quara
1376 5208 1493 5258 Erasrno.
1532 5210 1564 5258 Ia

266 5291 459 5342 Erasmr'rarum
476 5308 535 5357 epp.
554 5308 579 5340 a.
599 5290 672 5342 1521.
693 5292 880 5358 publicaturum
903 5298 1019 5357 eoeemplo
1042 5310 1095 5343 meo
1112 5309 1198 5343 munus
1216 5293 1297 5343 XVI.
1316 5297 1405 5343 sarculi
1426 5295 1564 5358 orlserlpst't

268 5376 423 5441 ‘Dyalogns
435 5377 578 5427 Hutbeni.'
593 5403 627 5412 -
640 5378 858 5440 (Memorabilem
874 5394 907 5427 ex
917 5377 1030 5426 Thomas
1043 5378 1112 5427 blori
1127 5376 1246 5442 epistola
1259 5377 1294 5425 ad
1306 5378 1469 5427 monachum
1482 5393 1565 5442 quen·

266 5460 331 5511 dam
355 5461 463 5525 scripta
486 5461 658 5527 destunptum
682 5461 772 5511 locum
794 5466 858 5527 post
880 5462 952 5511 banc
971 5464 1080 5512 Erasini
1105 5460 1249 5527 epistolam
1273 5464 1363 5526 repeti
1387 5463 1564 5527 curavimus.)

265 5547 363 5612 Ipsum
381 5544 522 5612 dialogum
541 5552 604 5611 post
622 5547 788 5597 Huttenicoa
807 5550 963 5612 repetemus
981 5562 1039 5596 nos.
1092 5544 1115 5578 ³²
1133 5545 1224 5612 reperi
1242 5548 1267 5595 l.
1279 5550 1303 5595 5.
