3625 7050
464 1234 588 1291 cxvm.
607 1251 712 1288 rerum
726 1252 788 1287 uos.
802 1250 838 1287 sn
852 1251 1004 1289 everrere
1018 1254 1060 1287 m‘.
1083 1253 1108 1286 o.
1123 1245 1157 1286 ts.
1171 1252 1232 1288 ire.
1248 1247 1307 1287 loss.
1457 1226 1527 1300 261

520 1338 559 1387 θ’
1123 1350 1136 1379 s

231 1424 302 1469 cum
322 1410 434 1484 sapius
453 1415 529 1470 esset
545 1411 578 1470 im
599 1409 748 1483 mauibtts,
772 1419 868 1470 tomen
886 1427 1005 1486 semper
1024 1413 1156 1471 eamtssit
1176 1411 1317 1472 baeteuus
1339 1416 1456 1488 atimad
1475 1433 1532 1475 ue-

228 1513 312 1586 pooii
337 1515 540 1573 lecturieutem
564 1515 768 1588 interpellans.
810 1514 891 1588 qrmd
911 1517 984 1587 tepi,
1009 1517 1195 1588 perplacuit:
1223 1516 1298 1588 quid
1316 1518 1393 1574 euim
1412 1517 1535 1600 Hutleui

232 1630 292 1675 uon
310 1611 456 1689 placeat?
483 1615 602 1674 Febrim
623 1633 660 1675 oe
681 1616 902 1675 Phalarismum
928 1619 1025 1675 messio
1052 1619 1106 1690 qui
1130 1624 1280 1676 curarunt
1303 1635 1410 1677 rursus
1433 1637 1531 1679 exeu-

232 1716 381 1776 demdum:
415 1723 448 1775 at
468 1716 572 1776 Febris
592 1718 720 1777 Looauii
743 1721 830 1778 vetito
855 1725 899 1777 est
925 1719 1068 1790 distrahi,
1096 1720 1176 1792 quod
1198 1721 1342 1792 quosdam
1368 1706 1532 1798 ἡμιθέους

232 1821 405 1878 nominatim
437 1821 584 1892 ottiupere
615 1822 781 1889 videretur,·
817 1823 931 1894 alioqui
954 1824 1116 1894 perplacet
1138 1821 1279 1880 omuibus.
1326 1823 1532 1883 Plialorismus

233 1923 374 1996 quonium
396 1921 572 1980 adhaerebat
592 1922 695 1992 Febri,
719 1938 780 1981 uua
802 1925 869 1981 erum
890 1923 986 1983 Febre
1006 1925 1125 1991 exulat,
1146 1924 1201 1982 sed
1220 1915 1350 1984 Zooaaio
1371 1927 1529 2000 dumtaorat,

232 2040 328 2097 meque
346 2025 424 2082 euim
445 2025 563 2101 lompius
581 2040 612 2082 sc
632 2023 753 2098 profert
773 2024 861 2082 buius
881 2024 991 2082 seboim
1011 2026 1156 2098 tyrannis.
1187 2023 1389 2099 Susceperam
1402 2035 1431 2086 el
1447 2027 1527 2086 Ora·

231 2128 338 2184 tionem
360 2125 584 2194 ascendendam,
613 2141 668 2184 mee
694 2127 765 2183 satis
790 2127 851 2184 seio
876 2141 934 2199 quo
954 2128 1075 2184 consilto
1097 2135 1268 2200 proruperit.
1304 2127 1366 2187 Sed
1385 2131 1460 2203 quid
1475 2146 1529 2202 epo
1540 2135 1582 2184 §.e

231 2222 346 2285 aredio?
371 2226 517 2285 Halteuus
536 2233 610 2286 totus
628 2226 752 2298 ferrem
773 2229 803 2285 iu
826 2229 892 2287 acie
910 2223 1083 2286 dimicabit?
1113 2229 1209 2287 Plaue
1231 2230 1314 2288 video
1331 2237 1359 2288 te
1378 2231 1452 2289 bello
1467 2247 1528 2288 ma-

232 2335 309 2397 tum,
335 2328 389 2401 qui
413 2343 471 2386 mom
499 2331 616 2387 calamo
643 2334 757 2388 tamtum
784 2336 813 2388 et
835 2331 952 2401 liupila,
980 2329 1035 2387 sed
1058 2336 1087 2388 et
1111 2310 1267 2390 dlaoortiis
1289 2334 1382 2389 armis
1398 2349 1526 2405 pupius.

230 2445 404 2503 retorquam
432 2430 507 2504 quid
530 2431 646 2503 mopui,
680 2433 707 2489 si
733 2440 821 2488 nureo
837 2433 919 2489 ausis
946 2433 1023 2489 iuter
1050 2438 1109 2489 tam
1137 2434 1242 2490 multos
1268 2433 1411 2491 aduersus
1435 2450 1526 2491 riuum

225 2547 382 2607 pappare,
408 2548 475 2591 cum
500 2534 569 2591 olim
589 2531 734 2591 Boaoaire
761 2549 838 2591 remus
862 2539 923 2590 lom
946 2535 1050 2591 mrettos
1064 2529 1264 2606 prolliparis?
1291 2534 1397 2593 Laudo
1415 2534 1580 2606 [artemia.

229 2636 378 2704 murum,
406 2634 462 2692 sed
487 2633 584 2694 tamen
612 2636 640 2692 si
665 2649 711 2693 me
738 2634 843 2691 audies
866 2634 999 2692 serraliis
1025 2634 1185 2693 lluttenum
1206 2635 1319 2693 Musis:
1351 2652 1421 2693 nam
1447 2636 1527 2695 uude

230 2735 314 2795 soors
334 2737 394 2794 talc
415 2737 580 2808 inperium,
606 2738 634 2794 si
653 2736 729 2810 quid
744 2735 879 2806 aecidat,
901 2736 983 2809 quod
1003 2742 1140 2795 auertant
1156 2732 1280 2810 superi?
1300 2739 1376 2796 nosti
1395 2737 1526 2796 Mortem

228 2822 514 2912 ἆλλοπρόςαλλον,
536 2853 592 2897 mee
612 2840 685 2897 salis
701 2838 869 2912 propicium
889 2837 971 2896 bonis
985 2839 1126 2910 imperiis,
1149 2844 1246 2913 utpote
1261 2840 1382 2897 deorum
1397 2841 1526 2897 omnium

227 2939 458 2998 stolidissimum.
494 2938 579 2997 Bene
594 2942 645 3009 sil,
667 2940 722 2997 sed
741 2946 839 2997 tamem
860 2939 981 3012 siquid
1000 2941 1158 3012 acciderit,
1180 2943 1243 3014 ipse
1265 2941 1317 2999 libi
1334 2942 1391 2998 luis
1405 2942 1524 3014 seriptis
1545 2980 1550 2991 -

228 3041 394 3100 exlmtaisli
411 3047 628 3099 monumemtum
651 3057 712 3099 tere
737 3042 909 3114 peremptus.
953 3041 1052 3115 Neque
1074 3058 1126 3101 uos
1147 3050 1246 3102 tamem
1268 3041 1406 3113 defuturi
1423 3050 1576 3102 sumpsi-³·

228 3141 332 3215 ospicio
352 3147 467 3201 nostro:
500 3157 570 3199 uam
591 3143 619 3200 si
638 3142 712 3215 quid
731 3141 854 3199 Erasmi
873 3144 987 3216 scripto
1009 3143 1159 3215 valebunt,

497 3245 582 3302 nullo
604 3243 669 3301 dies
690 3259 820 3316 umquam
842 3247 966 3302 memori
985 3260 1038 3303 nos
1058 3247 1168 3304 estimet
1187 3262 1257 3304 oeoo.

235 3342 428 3420 Triumphum
450 3345 580 3403 noudum
598 3346 734 3423 uidimus.
773 3351 894 3417 pratum
916 3353 983 3404 erat
1010 3348 1090 3420 quod
1116 3355 1214 3406 uostro
1239 3349 1360 3407 consilio
1385 3353 1446 3405 tom
1472 3348 1525 3408 diu

228 3449 412 3521 praesertum
442 3463 497 3505 uec
518 3446 616 3505 dubito
641 3449 712 3520 quim
737 3454 825 3506 lolam
853 3455 1059 3520 orpumemlum
1087 3451 1147 3508 siut
1176 3450 1331 3508 moderati.
1372 3449 1523 3508 liiororum

230 3552 330 3609 urdlus
348 3556 393 3609 est
411 3552 498 3621 finis:
530 3558 562 3607 ut
579 3551 696 3608 eoeteris
718 3550 850 3609 ommibus
872 3553 963 3610 simus
986 3554 1171 3625 superiores,
1198 3552 1412 3627 sycophantiis,
1435 3568 1523 3610 meu·
1623 3564 1630 3579 ·

230 3651 339 3725 dariis,
359 3653 498 3711 eomoieiis
519 3653 605 3724 torpe
627 3653 789 3711 vincimur:
818 3669 876 3711 uon
894 3669 1016 3728 possum
1035 3669 1092 3712 nom
1109 3656 1235 3726 imperiae
1249 3652 1347 3724 soleri
1359 3653 1441 3727 quod
1456 3670 1523 3712 uero

230 3755 328 3812 verius
348 3760 407 3811 est:
439 3754 494 3811 sed
510 3759 639 3827 prastat
658 3754 717 3812 bae
735 3760 826 3827 parte
846 3758 924 3814 ultro
945 3755 1067 3812 berham
1088 3754 1164 3813 dore
1192 3771 1281 3827 ortam
1308 3756 1436 3827 turpiter
1466 3754 1523 3812 de-

230 3871 379 3929 pupuare.
420 3854 519 3927 liboae
538 3857 616 3913 euim
636 3858 729 3914 solum
746 3856 992 3930 perpendendum
1013 3862 1057 3913 est
1074 3856 1168 3924 uobis,
1190 3856 1264 3928 arsid
1284 3856 1406 3926 dippum
1427 3857 1466 3912 sil
1486 3857 1575 3916 iisse.

229 3959 260 4016 iu
280 3971 354 4030 quos
372 3956 541 4024 scribimus,
564 3972 665 4016 uerum
687 3960 774 4016 etiam
798 3958 872 4031 qztid
891 3958 973 4015 uobis
993 3957 1115 4029 dippum
1136 3958 1174 4014 sit
1187 3958 1240 4029 qui
1257 3955 1427 4015 scribimus:
1447 3958 1520 4029 pul-

229 4057 332 4117 ebrius
353 4057 402 4115 est‘
414 4060 578 4132 aliquando
599 4059 742 4118 modestia
772 4075 860 4133 quam
884 4074 979 4117 eausa
1000 4060 1182 4132 superiorem
1204 4074 1281 4129 esse,
1309 4064 1337 4116 et
1360 4064 1430 4115 suut
1454 4074 1521 4131 orire

228 4160 310 4219 uobis
332 4161 433 4234 potius
457 4161 577 4234 apemdo
604 4163 672 4220 siut.
714 4161 820 4220 Malim
847 4178 901 4234 epo
929 4168 1018 4219 totum
1045 4176 1171 4219 mensem
1197 4162 1228 4218 tm
1255 4160 1382 4218 Paulum
1409 4165 1462 4217 out
1489 4161 1520 4216 im

229 4326 429 4338 ————

295 4443 325 4478 ¹·²
343 4446 450 4511 negotii
469 4449 541 4496 l...7.
612 4445 752 4497 8Febrim
777 4452 805 4497 et
823 4446 1024 4497 Phulariemum
1043 4448 1162 4497 Lovonii
1182 4449 1293 4496 ineunte
1313 4445 1427 4496 a.1519.
1447 4447 1520 4511 typis

228 4545 373 4596 expressos
392 4531 478 4582 fuisse
498 4549 531 4583 ex
548 4531 574 4581 h.
589 4531 606 4580 l.
627 4532 752 4596 adparet.
782 4532 966 4597 exemplaria,
986 4532 1041 4580 nisi
1061 4548 1093 4580 ox
1112 4532 1147 4580 iis
1166 4538 1229 4580 sunt
1248 4547 1307 4595 quie
1327 4532 1386 4580 sine
1405 4530 1459 4580 loci
1479 4532 1519 4579 in·

227 4615 371 4666 disertione
394 4616 567 4679 prodierunt,
598 4616 633 4665 ad
657 4631 738 4665 unum
763 4618 855 4665 omnia
879 4616 1032 4681 deperiisse
1056 4616 1197 4667 sidentur:
1222 4619 1322 4679 praeter
1345 4616 1519 4663 Parisierrses

226 4700 435 4764 Romanamque
454 4699 523 4765 quie
541 4700 631 4764 potui,
653 4715 746 4750 omnes
765 4700 823 4749 iere
842 4700 1028 4749 bibliothecas
1047 4700 1211 4764 perquisivi,
1232 4698 1296 4762 quid
1308 4700 1519 4747 Huttenieorum

226 4785 394 4850 scriptorum
413 4784 600 4844 continerent,
619 4786 669 4834 sed
687 4786 769 4834 exiis
788 4799 847 4847 qum
867 4785 902 4833 ed
915 4784 940 4833 h.
955 4784 973 4833 l.
987 4785 1139 4848 pertinent,
1159 4798 1240 4831 sinum
1253 4781 1424 4846 dialogorum
1443 4780 1520 4836 (For-

227 4875 318 4930 tunae,
349 4869 492 4932 utriusque
515 4867 627 4928 Febris,
658 4870 768 4918 'rriadis
796 4869 873 4918 Rom.
906 4873 934 4917 et
956 4867 1178 4932 inspicientium)
1209 4865 1361 4930 exemplum
1384 4862 1519 4928 „Impres-

227 4951 285 5003 sum
304 4951 423 5015 Louanij
448 4968 498 5018 per
520 4953 604 5002 Petris
628 4950 767 5003 Aeheitan
791 4950 900 5018 impeiis
916 4952 920 5015 Ι
936 4951 1055 5001 Eraehel
1079 4950 1251 5016 Voiphgrant
1273 4949 1351 4998 Anno
1374 4946 1519 5011 l)omini,l

225 5039 263 5089 M.
271 5038 306 5086 D.
314 5036 388 5085 xxi.
397 5033 644 5086 MeniisOetobris.
661 5036 666 5100 Ι
681 5041 695 5062 ”
707 5039 735 5086 in
745 5036 781 5086 4⁰.
792 5037 882 5087 habeo
895 5037 966 5101 quod
976 5051 1132 5085 memorem.
1185 5032 1195 5065 ⁴
1212 5024 1363 5099 ἡμιθέους]
1373 5032 1519 5092 semideos,

225 5124 407 5186 i.e.pra.=lalos
416 5122 610 5171 ecclesiasticos.
638 5119 833 5186 Febris]earl.
862 5118 1070 5171 ⁵uidetur5...l.
1098 5118 1289 5169 ‘exsulabit
1316 5117 1346 5149 ⁷³³
1355 5114 1518 5180 orationem]

225 5207 353 5269 Aepulo
364 5221 388 5253 o.
398 5207 476 5268 1518.
490 5209 516 5254 in
524 5205 560 5254 1⁰.
574 5205 715 5269 lllopuutirr
727 5224 750 5254 a.
760 5209 837 5255 loto.
852 5205 921 5255 iu80.
934 5206 1093 5269 publicatam.
1136 5200 1154 5233 ¹¹
1168 5203 1339 5265 Quamquam
1352 5206 1376 5250 7.
1424 5198 1444 5232 ¹²
1458 5216 1519 5250 eum

225 5289 293 5340 olim
311 5285 372 5353 ete]
391 5289 427 5339 ei.
441 5305 524 5355 supra
536 5290 654 5340 Hutteni
673 5290 708 5340 ad
719 5292 825 5340 Erosm.
845 5291 890 5339 die
909 5289 951 5337 21.
965 5289 1031 5338 Iulii
1050 5286 1164 5337 a.1517.
1183 5285 1278 5334 datam
1296 5288 1377 5352 epist.
1431 5283 1453 5316 ¹⁵
1469 5274 1519 5333 eil.-

225 5369 320 5438 loaeo.]
339 5375 533 5432 inconstantem,
551 5375 689 5424 dunelmie
706 5392 770 5425 ortuo
787 5378 825 5425 illi
838 5376 974 5438 saueutem
1050 5371 1197 5438 propitium
1209 5372 1303 5420 2.s.l.
1374 5368 1395 5401 ¹¹
1413 5373 1518 5418 exstru-

225 5457 294 5509 xisti
307 5458 415 5507 3.5...7.
468 5456 907 5523 monum]cl.110r.0o.111.30,1.
943 5456 1118 5521 perhenmrl.
1157 5452 1207 5484 “¹⁹
1225 5455 1317 5519 siquid
1330 5452 1394 5518 ete]
1408 5454 1517 5504 eiver—
1613 5502 1621 5515 ‚

225 5540 275 5611 gil.
288 5542 360 5592 Aen.
373 5542 420 5593 IX.
440 5542 499 5593 414.
512 5557 552 5609 sq.
593 5540 615 5574 ²⁰
632 5538 784 5608 Triumph.]
804 5540 965 5608 capnionis.
1005 5538 1027 5571 ²³
1047 5538 1176 5591 convitiis
1189 5539 1263 5587 imi.
1304 5536 1326 5570 ²⁶
1345 5538 1391 5604 qui
1408 5542 1478 5589 omis.
1492 5543 1516 5589 7.
