3625 7050
276 1245 392 1283 mmt.
412 1243 487 1282 Lm.
500 1243 537 1280 AD
550 1242 663 1280 menn.
677 1243 720 1280 ΕΡ.
757 1226 838 1279 CXL.
857 1242 940 1279 GROTI
958 1242 995 1278 AD
1013 1242 1133 1280 LVTHER.
1152 1242 1195 1279 ΕΡ.
1214 1241 1241 1278 Ι).
1255 1243 1283 1280 Ι.
1298 1242 1359 1280 001.
1374 1237 1431 1280 1519.
1473 1212 1547 1286 3117
1596 1261 1602 1267 ·

225 1403 369 1462 delatum
392 1413 436 1461 est
450 1403 610 1475 Hebraicum
632 1403 704 1459 istud
727 1402 800 1476 quod
823 1401 875 1457 iiue
902 1399 1005 1456 videbis
1033 1400 1180 1464 inclusum.
1213 1411 1431 1459 commentumno
1461 1403 1548 1460 dicem

225 1491 445 1565 mysterinmnc
467 1489 572 1545 dubito.
618 1489 644 1543 in
667 1488 744 1561 cupri
767 1487 864 1542 lautino
888 1494 952 1559 post
974 1494 1083 1541 exectos
1105 1486 1173 1542 urbe
1189 1487 1293 1542 luiiaeos
1309 1496 1449 1561 repertum
1464 1489 1549 1544 aiunt.

226 1574 303 1648 Ego
328 1575 394 1648 quid
416 1573 499 1629 verba
521 1573 639 1635 valcant,
664 1581 759 1635 tcnce;
783 1588 875 1627 verum
899 1570 988 1644 siquid
1011 1570 1118 1625 altioris
1140 1572 1244 1644 negotii
1267 1572 1339 1627 inest
1362 1573 1468 1635 iusitre‚
1492 1589 1550 1628 nie·

225 1666 368 1717 cummet
388 1658 587 1731 cogitabundus
606 1658 689 1730 agito.
728 1657 750 1712 si
773 1664 852 1730 potes
873 1662 921 1712 ant
944 1655 967 1710 si
989 1653 1066 1716 iicet,
1097 1672 1129 1711 ex
1156 1656 1321 1711 doctissimis
1340 1656 1478 1730 Gupnione
1508 1657 1548 1712 vel
1649 1687 1656 1699 ·

227 1743 335 1801 Paulo
351 1743 427 1799 Ricio
443 1742 681 1816 Oecolampediove
704 1742 824 1814 exugito.
864 1741 951 1795 Nosse
972 1739 1054 1813 cupio
1077 1739 1099 1793 si
1116 1738 1220 1796 Ulricns
1242 1740 1276 1795 de
1290 1740 1391 1796 liutten
1414 1741 1549 1815 supersit:

233 1846 312 1884 narn
341 1845 432 1901 nuper
458 1828 521 1882 dum
550 1843 637 1881 essem
667 1826 828 1898 bioguntiae.
862 1825 985 1880 humanis
1021 1823 1096 1878 illum
1126 1824 1274 1880 excessisse
1304 1825 1390 1888 audii,
1423 1826 1550 1899 audiique

228 1912 362 1974 dolens.
385 1928 446 1967 curn
469 1912 558 1984 ipsum
580 1927 747 1983 magnopere
769 1910 857 1964 rivere
881 1916 908 1964 et
932 1909 1034 1982 optimo
1056 1909 1144 1963 vivere
1160 1909 1259 1964 urelirn.
1297 1909 1415 1965 beminis
1429 1910 1549 1965 demiror

231 1996 406 2069 ingenium:
431 1996 477 2051 sed
500 2003 610 2050 uestras
634 2002 690 2054 est,
714 1993 832 2048 b'reucus
856 2001 911 2055 est,
935 2001 963 2047 et
986 1994 1078 2048 iersuu
1102 1994 1198 2066 patriae
1220 2011 1263 2049 mo
1287 1993 1357 2049 saliit
1379 1994 1548 2051 communio:

231 2098 303 2136 non
328 2079 417 2141 saliit.
446 2080 574 2152 quonium
602 2079 643 2133 vir
666 2078 775 2151 ingenio
799 2086 826 2132 ot
855 2095 888 2134 eo
917 2078 1049 2133 acerrimo
1078 2079 1145 2134 mire
1174 2079 1306 2152 preditus
1335 2088 1379 2136 est
1401 2121 1549 2135 .......

383 2163 447 2219 Vale
469 2165 512 2220 die
535 2163 561 2219 S.
584 2163 678 2219 Cuiirti
707 2179 778 2219 aune
802 2170 842 2223 19.
866 2179 898 2218 er
921 2161 1056 2218 Rebderff.
1107 2161 1114 2172 ⁶

257 2428 412 2465 3011011ῐέ.
807 2392 1004 2469 OXXXX.
1204 2422 1273 2460 POST
1284 2427 1310 2461 1).
1322 2419 1355 2461 16.
1363 2427 1423 2461 001.
1434 2427 1460 2461 Α.
1473 2420 1532 2461 ibib.

230 2482 431 2494 ——n—
1192 2479 1546 2491 ———-

886 2566 913 2624 1.

812 2713 829 2746 n
929 2699 935 2710 '
972 2699 1010 2747 ὀε

443 2786 635 2843 Revnnnnee
657 2695 1102 2841 11111111111111111111110
1125 2784 1367 2842 nvevsrtnnuno

369 2886 539 2930 SAGRARVM
562 2886 750 2928 Ltrennnvrt
774 2886 975 2928 Ptrennssonl
999 2886 1065 2927 1111
1087 2885 1198 2928 DOGTO
1221 2887 1287 2928 'PVM
1310 2886 1437 2929 SANOTO

688 2970 789 3012 Amce
807 2971 866 3013 810
883 2971 1119 3019 unrtevlssuto

671 3051 856 3133 [enerrs
889 3051 1130 3134 ersmers]

338 3191 497 3249 Suuvrnu.
533 3191 630 3249 belrius
653 3192 744 3249 Reme
766 3191 921 3249 celebratur
943 3193 1029 3249 vietor
1051 3191 1180 3265 Lipsincae
1201 3192 1414 3267 disputaciouis:
1445 3198 1605 3250 natumst.

236 3278 323 3336 valet
347 3277 489 3352 preprium
513 3277 715 3340 testimenium,
738 3278 784 3333 ubi
806 3277 927 3350 populus
950 3295 998 3350 spe
1021 3277 1130 3333 ducitur
1152 3277 1180 3333 iu
1203 3293 1261 3334 eam
1283 3286 1402 3352 partem.
1427 3278 1454 3333 iu
1470 3294 1551 3351 quem

239 3364 317 3420 velit
341 3361 465 3418 inclinari
488 3362 636 3418 victorium.
671 3361 728 3435 Ege
751 3362 877 3436 prohibui
901 3362 1148 3436 precipitucionem
1170 3364 1327 3425 sententie,
1351 3381 1384 3419 ne
1404 3363 1430 3419 id
1453 3363 1551 3419 iterum

238 3455 397 3525 pateretur
412 3447 527 3509 Rhome,
552 3447 624 3520 quod
647 3447 728 3520 punio
751 3454 814 3502 unte
839 3446 901 3502 tulit
923 3464 984 3503 cum
1008 3446 1170 3520 ignominis,
1195 3448 1302 3522 qnando
1326 3446 1403 3503 Gallo
1425 3447 1552 3520 designa·

239 3535 286 3591 vit
319 3532 476 3606 imperium,
506 3532 551 3587 ubi
579 3526 717 3606 principes
745 3533 833 3588 nestri
861 3532 1000 3588 dominnm
1028 3532 1154 3588 Ceruium
1182 3533 1334 3606 clegerunt,
1379 3532 1430 3589 Sed
1453 3533 1552 3589 habeat

241 3620 311 3695 ipsa
335 3634 414 3673 suum
437 3617 577 3678 irulicinm,
607 3617 753 3673 dummodo
780 3625 889 3672 constet
916 3634 971 3673 uon
1000 3618 1089 3674 omniu
1117 3618 1188 3673 insta
1217 3635 1278 3674 esse
1301 3635 1360 3691 quae
1383 3617 1482 3673 iudicio
1504 3617 1550 3673 de·

241 3710 357 3784 serpat.
391 3701 463 3756 biisit
477 3701 594 3757 Heobius
617 3700 760 3775 epistolem
775 3702 905 3757 Rhemum
929 3709 1029 3776 prreter
1051 3718 1131 3775 qnam
1145 3701 1270 3758 Pontifici
1292 3709 1320 3757 ot
1341 3701 1448 3758 duobus
1471 3702 1549 3757 thee·
1560 3708 1606 3760 Μ.

225 3787 327 3861 ‚logis
350 3786 520 3859 paucissimis
541 3786 640 3849 visam,
669 3802 729 3859 que
751 3786 813 3842 dum
836 3786 1018 3842 secretissime
1040 3784 1193 3858 legeretur,
1221 3786 1315 3842 furtim
1337 3785 1550 3842 subauscultevit

244 3871 364 3947 quidam
386 3870 505 3925 medicus
528 3871 629 3926 amicus
651 3878 759 3932 nester,
785 3878 812 3926 et
835 3888 895 3944 quic
919 3870 1008 3925 obiter
1030 3870 1149 3926 rotinere
1170 3871 1261 3943 potuit
1278 3872 1421 3933 memoria,
1445 3887 1550 3925 meeum

243 3955 461 4015 communicavit
484 3955 603 4010 fraterna
627 3953 695 4020 iide;
724 3973 777 4028 ego
800 3955 864 4017 tibi,
889 3954 1016 4016 blurtine,
1040 3954 1131 4009 resero
1154 3954 1246 4009 eadem
1269 3954 1334 4016 fide,
1357 3972 1391 4010 ne
1414 3953 1549 4029 proferes,

245 4058 309 4117 qno
332 4039 423 4095 sulvus
446 4046 553 4094 meinent
575 4040 703 4096 medicus.
737 4039 800 4095 Erat
823 4039 925 4114 scripte
948 4038 1064 4114 epistole
1086 4055 1137 4112 per
1158 4037 1241 4094 multe
1264 4039 1352 4112 cupite
1368 4038 1605 4113 exprimerent-³·

245 4125 379 4183 ordinem
401 4123 598 4197 disputuoiouis
619 4124 781 4198 Lipsiensis,
810 4124 906 4180 deinde
938 4124 1046 4179 modum
1075 4140 1130 4196 quo
1157 4124 1288 4197 progredi
1310 4123 1408 4179 debeat
1430 4141 1551 4179 summus

225 4210 393 4287 ›peutiiex,
422 4208 454 4263 ad
478 4216 551 4264 tuum
579 4209 780 4265 demersionem
807 4209 943 4282 designati
971 4195 1179 4282 snnt'episcopi
1201 4226 1262 4265 cum
1284 4216 1361 4265 certe
1384 4226 1497 4265 numero
1520 4209 1553 4264 ud
1647 4258 1650 4264 .

247 4294 384 4352 indicium
405 4294 566 4357 necessarii,
596 4294 728 4350 iudicatus
750 4294 846 4350 modus
869 4311 924 4368 que
948 4292 1032 4348 babiti
1054 4300 1118 4349 suut
1141 4294 1187 4367 qui
1210 4302 1306 4350 centra
1328 4293 1469 4351 ecclesiam
1492 4310 1553 4350 sen·

247 4476 391 4529 CXXXX.
402 4474 424 4525 l.
437 4475 461 4525 A
473 4493 508 4519 =
519 4476 585 4525 Cod.
598 4475 655 4526 MS.
671 4475 753 4547 Goth.
767 4475 834 4526 bibl.
849 4475 940 4526 ducet.
959 4476 1049 4525 medie
1062 4475 1120 4524 fere
1139 4490 1203 4525 seeo.
1217 4492 1276 4527 xvr.
1290 4478 1386 4543 script.
1407 4476 1506 4527 ‘ebert
1519 4476 1552 4526 B.

247 4561 290 4614 n⁰.
306 4558 360 4611 20:
379 4559 415 4609 4⁰.
436 4549 494 4609 seli.
511 4559 550 4608 ll.
563 4575 621 4624 sqq.
675 4559 691 4607 2
708 4578 743 4603 =
759 4560 832 4610 Men.
847 4561 918 4626 piet.
936 4558 1036 4622 (Indie.
1050 4558 1181 4625 bibliogr.
1195 4576 1221 4609 n.
1235 4558 1288 4627 65)
1306 4578 1332 4627 p,
1348 4561 1387 4611 ll.
1401 4577 1460 4626 sqq.
1480 4560 1552 4625 (Hcs

325 4658 432 4708 queque
451 4643 533 4693 valde
552 4643 746 4693 memorabiles
764 4642 874 4693 litteras
893 4644 1089 4710 neglegentius
1107 4645 1197 4709 repeti
1216 4646 1325 4694 curavit
1343 4644 1485 4710 biiegius.)

325 4776 393 4812 Μ
410 4781 477 4830 Hier
494 4784 519 4829 tn
533 4782 586 4843 fine
604 4784 720 4843 epistota»
737 4778 1085 4831 rr11.nat.n0v.a.1519.
1099 4781 1169 4830 dete
1184 4781 1232 4844 sot.
1247 4783 1289 4829 tt.
1302 4780 1377 4830 dubet
1389 4782 1456 4840 cod„
1473 4796 1555 4844 snpra

245 4882 310 4917 eam
323 4867 351 4914 2.
404 4866 474 4914 Huic
496 4867 613 4928 proaeime
630 4867 747 4931 sequenti
762 4867 788 4914 in
805 4866 862 4915 cod.
880 4869 1065 4929 suprascripsit
1083 4868 1213 4915 recentior
1229 4881 1316 4915 monus
1334 4864 1414 4915 Crotn
1433 4865 1554 4915 Rubiann

245 4950 381 5001 Luthero
405 4965 437 4999 cx
455 4949 622 5014 Bemberge.
641 4949 752 5014 Miepino
768 4950 801 4999 N.
819 4950 852 5000 N.
871 4951 952 5000 dedit.
1023 4947 1044 4982 ¹⁸
1061 4950 1155 5000 Romoe
1174 4947 1233 5015 &cd
1247 4951 1333 5000 Reme
1345 4952 1401 5000 cod.
1416 4956 1465 5016 qut.
1485 4951 1554 5015 qnod

245 5039 334 5085 taetre
359 5034 500 5091 emendent,
526 5049 540 5082 e
560 5049 611 5098 pre
635 5049 651 5099 q
674 5041 699 5083 et
722 5032 803 5100 (qnod
824 5037 930 5092 retinui,
955 5034 1066 5098 Mtegr'ns
1088 5035 1219 5099 correxit)
1243 5051 1259 5085 c
1279 5050 1330 5099 pre
1355 5039 1367 5084 t
1390 5036 1455 5084 dere
1477 5038 1553 5085 rotet.

244 5117 272 5151 ⁸⁰
293 5118 446 5167 seutentiae
462 5117 518 5180 sdic
536 5122 561 5167 in
579 5119 779 5169 codscribitur.
830 5115 851 5150 ²¹
871 5115 962 5183 Gallo]
975 5119 1128 5168 Franciseo
1142 5120 1164 5169 1.
1178 5122 1248 5186 regi.
1300 5117 1322 5151 ²²
1340 5115 1489 5182 dominnm]
1504 5119 1552 5167 Di·

246 5218 319 5255 vum
337 5216 476 5265 perperam
488 5206 514 5252 2.
534 5218 569 5252 ex
582 5202 642 5251 dem
660 5205 716 5254 rod.
788 5199 942 5269 elegerunt]
962 5200 1245 5253 d.28.1un.c.151n
1321 5200 1344 5233 ²¹
1361 5202 1486 5253 Hechins
1501 5218 1552 5267 pro

246 5301 384 5337 moresne
397 5287 453 5336 cod·
472 5287 579 5337 Eclrius
591 5289 618 5336 2.
681 5286 703 5319 ²⁶
721 5283 854 5351 medicus]
874 5287 1004 5336 Euriciue
1023 5287 1145 5337 Cordus?
1213 5287 1373 5352 potueritt.
1437 5284 1460 5319 ²⁸
1477 5284 1551 5353 §.bd

247 5371 298 5422 Cf.
315 5387 340 5421 o.
357 5386 398 5435 gr.
411 5370 523 5421 Lntders
535 5372 625 5422 Sebrr.
637 5389 659 5421 e.
679 5373 778 5423 Welcd.
792 5372 850 5421 XV.
864 5386 890 5420 n.
904 5370 963 5421 395.
977 5386 1036 5436 sqq.
1089 5369 1112 5404 ³⁰
1129 5372 1260 5445 Pontifex
1278 5370 1313 5419 ed
1331 5375 1351 5421 t.
1364 5371 1390 5421 d.
1403 5372 1553 5436 Designeti

248 5472 273 5507 e.
290 5457 320 5504 2.
409 5469 471 5504 eum
490 5472 514 5506 c.
533 5454 654 5520 numere]
674 5462 712 5505 ite
729 5458 786 5507 rod.
799 5463 825 5506 et
838 5459 864 5508 2.
944 5454 964 5487 ³¹
984 5454 1147 5521 necessarii]
1177 5458 1235 5506 eod.
1253 5439 1327 5520 nidij
1346 5459 1394 5508 sed
1414 5460 1451 5509 od
1470 5474 1552 5527 marg.

247 5555 310 5591 ree.
322 5555 391 5590 man.
409 5521 500 5604 nec'bij
570 5542 636 5590 unde
650 5541 666 5588 2
679 5542 749 5591 dedit
767 5540 931 5592 necessarii.
950 5540 1036 5591 Locus
1053 5556 1102 5591 non
1120 5556 1197 5591 senne
1215 5548 1263 5591 est.

1222 5660 1224 5663 ⁴
1260 5625 1325 5689 20*
