3625 7050
306 1181 380 1256 256
490 1195 585 1251 CXVI.
599 1209 721 1275 narraui
735 1208 770 1247 aa
783 1209 903 1249 sonoro.
918 1209 953 1248 os
966 1208 1115 1249 arnasano
1128 1209 1170 1247 aa.
1184 1208 1210 1248 o.
1225 1203 1258 1247 tt.
1272 1209 1335 1248 nra.
1351 1203 1410 1247 asts.

325 1485 515 1521 srvrasumra.
885 1448 1023 1526 CXVI.
1369 1477 1400 1517 tt.
1416 1468 1505 1517 arari.
1519 1474 1565 1515 tstt.

469 1539 553 1548 ....-
1344 1537 1575 1548 ———

752 1619 908 1680 vtntcvs
932 1621 980 1680 DE
1002 1621 1153 1681 HVTTEN

748 1725 900 1780 sunnine
922 1725 962 1781 DE
985 1725 1158 1781 silvanus

846 1825 969 1867 cuarss.
995 1826 1062 1867 saa.

249 1965 295 2014 §.a
394 1943 466 2014 Quia
494 1940 602 2001 mitius
630 1957 731 1999 versor
760 1947 789 1999 et
817 1941 950 2018 qrraedam
978 1941 1066 2001 debet
1087 1943 1183 2001 inesse
1205 1940 1322 2001 militari
1345 1942 1442 2001 ordini
1463 1940 1602 2006 brevitast

308 2045 407 2121 arripe
436 2043 472 2102 de
500 2040 577 2102 bello
604 2041 662 2100 boo
690 2040 833 2101 breviter:
868 2041 965 2102 adiano
987 2043 1101 2102 bostem
1129 2060 1188 2102 non
1211 2043 1283 2108 vidi,
1313 2050 1343 2102 at
1370 2041 1463 2103 urbes
1489 2061 1520 2101 se
1542 2041 1579 2099 de

303 2146 416 2204 'derunt
438 2149 467 2203 et
488 2145 554 2221 pagi
577 2141 709 2220 plurimi,
733 2148 911 2221 putaturque
925 2140 994 2202 'sola
1017 2151 1129 2203 restare
1152 2142 1302 2219 Tubiuga,
1326 2145 1355 2202 iu
1377 2162 1467 2222 quam
1488 2161 1519 2202 se
1536 2141 1579 2202 n'o

308 2245 404 2306 bilitas
426 2244 562 2304 eontulit:
597 2261 666 2303 uam
689 2243 725 2302 de
748 2261 816 2303 aree
838 2244 970 2321 dsperga
992 2245 1115 2324 perinde
1142 2262 1202 2304 uon
1226 2262 1296 2304 eura
1320 2250 1364 2303 est
1386 2243 1524 2305 militibus
1540 2261 1578 2302 ns

251 2349 385 2412 §.astris
424 2345 592 2405 abstinetur
616 2364 632 2404 a
654 2343 907 2424 populationibus,
932 2347 987 2405 nisi
1009 2346 1045 2405 ad
1067 2348 1176 2405 rictum
1191 2345 1270 2423 quod
1287 2345 1398 2405 attinet.
1437 2345 1576 2425 Tyr-amus

309 2450 358 2527 qui
381 2440 543 2526 peracerba
565 2463 623 2505 non
647 2451 759 2505 tantum
781 2463 880 2523 prugua
903 2453 1081 2524 excepturus
1103 2464 1172 2514 nos,
1205 2447 1257 2506 sed
1279 2445 1491 2523 profligaturus
1510 2445 1597 2505 dunt

309 2548 476 2615 videbatur,
500 2548 602 2624 paucis
624 2565 692 2606 cum
714 2546 861 2624 equitibus
884 2548 997 2624 aut'ngit
1020 2549 1048 2606 iu
1071 2545 1209 2615 Galliam,
1235 2553 1269 2606 nt
1289 2546 1407 2626 plnres,
1431 2553 1463 2607 ut
1483 2546 1575 2625 quidm

313 2683 559 2693 -----
578 2648 615 2707 ad
630 2646 789 2716 Helvetios,
814 2649 863 2726 qui
885 2648 1058 2709 mirabiliter
1080 2649 1262 2726 deceperunt
1283 2647 1367 2707 illum
1384 2647 1480 2708 ablata
1494 2662 1573 2722 magur

250 2764 294 2815 §.a
310 2751 434 2830 pecunia
457 2757 485 2809 et
507 2749 677 2809 defraudata
699 2749 765 2809 lide.
811 2749 931 2810 Summa
953 2751 998 2810 rei
1020 2757 1077 2818 est,
1107 2751 1217 2809 eiectos
1239 2749 1336 2808 omnia
1358 2749 1498 2827 perdidit:
1524 2762 1572 2806 nam

313 2885 572 2895 —————
598 2851 709 2911 etiamsi
737 2851 968 2927 pertinacissime
997 2849 1178 2912 obsidionem
1206 2849 1286 2910 terre
1315 2850 1489 2918 decernant,
1513 2852 1571 2906 unu

314 2947 405 2996 --''-
427 2986 462 2996 -
482 2985 517 2995 -
542 2959 655 3012 restare
677 2969 737 3010 non
759 2958 907 3029 poterunt.
947 2953 1099 3029 copiarum
1122 2952 1200 3030 apud
1222 2969 1276 3011 nos
1298 2953 1372 3012 mira
1389 2958 1433 3011 est
1447 2947 1593 3010 tortitudous

311 3055 441 3132 equitum
465 3070 570 3113 census
592 3060 636 3112 est
658 3052 694 3112 ad
716 3051 769 3112 llll
792 3051 883 3123 milia,
908 3060 958 3114 ant
979 3052 1055 3113 inira
1078 3072 1146 3113 eum
1168 3071 1340 3121 numerum,
1370 3052 1497 3132 peditum
1514 3044 1568 3108 itt

311 3153 404 3222 milia;
437 3153 639 3213 machinarum
662 3154 775 3231 speeies
797 3152 883 3230 longe
905 3153 1105 3234 pulcherrima
1134 3156 1235 3215 amieis
1260 3162 1318 3222 ost,
1349 3149 1569 3215 tenerioribus

249 3273 298 3323 aa.
314 3274 438 3316 summo.
477 3255 540 3315 Dixi
562 3254 613 3314 tibi
635 3273 695 3314 non
718 3273 782 3315 esse
804 3261 915 3315 metum
938 3255 975 3315 ab
998 3255 1149 3325 Helvetia,
1173 3254 1252 3335 qrrod
1274 3256 1361 3314 etiam
1384 3255 1511 3314 mentitus
1527 3264 1568 3308 non

311 3375 391 3425 sarm,
426 3363 458 3416 ut
480 3358 567 3417 etiam
590 3357 619 3416 iu
641 3358 714 3416 rotis
736 3357 773 3415 sit
794 3355 935 3416 militibus
956 3358 1064 3416 nostris
1086 3374 1219 3435 pugnare
1241 3355 1383 3416 adversus
1405 3355 1567 3416 munimem

312 3465 438 3534 gentem,
455 3457 614 3538 dicuntque
629 3476 732 3517 enarres
747 3459 878 3517 omnium
893 3457 1030 3517 ordinum
1046 3460 1162 3535 passim,
1180 3459 1290 3517 irtinam
1306 3492 1341 3501 —
1353 3491 1389 3502 -
1406 3492 1440 3501 -
1457 3489 1489 3500 -
1502 3453 1528 3496 -'
1540 3459 1591 3497 „s

312 3645 407 3694 CXVI.
438 3643 566 3700 1=nrs.
585 3644 737 3710 Hamburg2
756 3643 1002 3694 bibt.v01.va1.
1021 3644 1058 3694 n⁰.
1073 3660 1124 3694 xn.
1149 3644 1297 3709 (ditiyeater
1313 3648 1399 3694 collat.
1419 3660 1435 3692 o
1450 3639 1567 3693 cerretu-

310 3729 378 3792 sen.)
396 3730 462 3778 unde
479 3730 544 3778 boue
562 3732 705 3793 epistolam,
726 3731 774 3778 sed
794 3732 848 3778 siae
866 3736 974 3794 utraque
992 3731 1156 3794 inscriptione
1172 3729 1308 3794 publicauit
1388 3728 1494 3776 2:10.
1505 3718 1566 3783 0be

207 3807 215 3823 ⁸
311 3813 400 3876 Wolf,
421 3813 520 3878 Consp.
535 3812 721 3877 supellectilis
739 3813 893 3877 epistolicae
913 3819 942 3862 et
959 3813 1094 3863 literariae
1113 3828 1196 3863 manu
1214 3818 1347 3863 exaratoe.
1366 3820 1415 3863 etc.
1449 3807 1566 3866 Homono-

313 3895 386 3947 1736.
400 3896 436 3947 8⁰.
456 3905 483 3963 p:
498 3896 553 3947 158.
567 3913 606 3962 sq.
677 3895 928 3962 3=Wagenneil¹
943 3913 969 3947 n.
984 3913 1085 3947 xxxin.
1099 3913 1125 3962 p.
1139 3895 1199 3947 205.
1212 3912 1254 3962 sq.
1318 3890 1566 3947 4=Monenttnt

430 3981 502 4047 Opp.
515 3982 566 4031 111.
579 3998 606 4046 p.
623 3980 678 4030 ltu.
692 3997 732 4046 sq.
793 3982 856 4030 5:
867 3982 952 4030 Kraft
970 3982 1069 4043 (India.
1084 3980 1212 4046 bibliogr.
1226 3980 1360 4043 numm.)
1374 3998 1400 4046 p.
1413 3980 1482 4045 itaq.

312 4148 392 4201 liaris
418 4153 501 4223 eopia
524 4154 613 4218 magis
637 4167 718 4217 quam
745 4154 855 4217 generis
878 4152 1024 4217 splendore
1048 4151 1240 4203 commendata
1259 4151 1413 4202 catharina
1431 4142 1568 4201 deuotam

313 4235 407 4298 Geyeh
426 4237 628 4286 matrimonium
647 4239 798 4299 contraxit,
819 4236 936 4286 alterius
955 4237 1065 4298 fratris,
1085 4238 1248 4301 Hieronymi
1262 4253 1278 4286 a
1292 4237 1447 4302 Glaubnrg,
1466 4223 1568 4301 qrremll·

313 4320 404 4369 elatus
422 4321 516 4369 Tieini
535 4322 603 4370 iuris
621 4322 764 4386 utriusque
783 4322 923 4371 doctorem
942 4322 1165 4383 renuntiaverat,
1191 4321 1343 4371 Mediolani
1362 4338 1389 4371 a.
1406 4320 1475 4371 tatu.
1494 4314 1569 4375 setini*

242 4450 245 4454 .
313 4403 432 4468 epistola
451 4409 529 4453 extat
547 4406 575 4455 in
592 4405 763 4469 „Froalrlitra
783 4406 879 4456 Arellio
894 4408 942 4469 sair
960 4409 1004 4455 citt.
1024 4407 1142 4456 deutsche
1160 4407 1308 4456 Litterotur
1325 4424 1347 4455 n.
1362 4406 1387 4455 Ι.
1403 4406 1429 4456 C.
1447 4423 1469 4454 a.
1481 4394 1569 4454 liam

310 4496 424 4552 pertonat
441 4490 516 4539 Bam·
532 4507 554 4540 u.
568 4491 711 4556 Epseueelc.
732 4493 767 4541 11.
787 4490 967 4556 p.131...133.
986 4493 1029 4555 Ff.
1043 4510 1067 4541 a.
1082 4494 1120 4541 M.
1142 4489 1215 4540 1812.
1233 4490 1271 4540 8⁰.
1290 4490 1332 4541 Ad
1345 4491 1460 4540 eundem
1472 4490 1570 4540 Ioanne!

313 4589 330 4639 a
349 4572 492 4639 Glauburg
510 4580 576 4640 puto
593 4575 687 4625 datam
706 4591 767 4626 esso
787 4576 934 4641 epistolam
952 4577 1065 4639 (ibidem
1084 4593 1110 4642 p.
1126 4574 1264 4626 125...131.
1283 4563 1478 4641 publicatam),
1494 4569 1530 4621 eui
1542 4577 1569 4612 Ν

312 4658 420 4707 cautior
437 4675 533 4710 niseus
552 4661 694 4726 inscripsit
716 4662 819 4724 „Bries
837 4663 885 4710 der
909 4661 1080 4725 Marporetbo
1102 4662 1240 4725 lloruyiun
1263 4677 1296 4709 on
1319 4662 1392 4711 ibren
1414 4659 1481 4710 Sola
1499 4652 1570 4705 rota·

310 4760 358 4792 arou
378 4744 517 4810 Glarrbnrp,
541 4748 638 4795 desirata
655 4752 681 4795 tn
707 4745 869 4809 Witteaberp
886 4748 1035 4800 studireud:
1057 4749 1095 4795 sie
1112 4748 1163 4795 ortt
1179 4746 1227 4795 idm
1246 4746 1323 4794 Anno
1342 4743 1487 4795 Kaoblaeed
1501 4737 1570 4804 [nto.

312 4829 388 4877 Auno
409 4828 499 4879 152b.’'
683 4884 690 4896 ·

378 4910 619 4979 ²inscriptionem
637 4931 672 4965 aa
690 4918 739 4961 MS.
758 4916 843 4965 wora
860 4919 930 4965 omis.
946 4917 971 4964 1.
1034 4912 1153 4964 ⁵ordini
1170 4914 1286 4965 militari
1300 4916 1376 4964 2...4.
1444 4913 1571 4971 ⁸nonptf·

312 4999 414 5049 inde5.
439 5051 443 5057 ,
494 5000 653 5050 'Lacunam
676 5002 744 5048 iuter
766 5001 869 5049 attinet
881 5007 917 5059 c!
939 5000 1004 5063 Tyr.
1028 5001 1141 5049 iudicant
1164 5002 1223 5050 edd.
1247 5002 1296 5051 red
1312 5003 1337 5050 ia
1356 4986 1571 5049 aeramenti·

311 5090 373 5134 cium
391 5086 498 5135 deletum
515 5092 562 5135 est.
615 5085 768 5147 Tyrannus,
788 5084 902 5145 (Utrieua
920 5086 975 5135 dux
999 5085 1250 5149 ll'irtrmberpraats)
1268 5087 1330 5135 odd.
1345 5087 1405 5135 Μ.
1454 5081 1473 5115 ¹¹
1490 5073 1571 5145 quida!

312 5195 523 5207 -----
525 5167 533 5234 ]
562 5171 689 5219 exciderit
706 5169 868 5233 opinantur,
887 5185 909 5218 s.
924 5170 1074 5219 coniciunt.
1163 5168 1183 5201 ¹²
1202 5169 1298 5220 oblata
1310 5174 1335 5222 5.
1346 5173 1425 5234 salw-
1499 5165 1572 5223 ΦΨ

311 5259 382 5304 onais.
396 5255 455 5303 edd.
503 5252 523 5284 ¹³
541 5254 611 5303 Nam
624 5279 835 5288 -----
838 5250 846 5318 l
866 5270 899 5303 on
918 5254 1130 5316 Tubiupenseo?
1171 5252 1196 5308 ¹⁴,
1209 5256 1233 5303 si
1252 5254 1322 5319 (port
1341 5254 1461 5316 etiamsi)
1478 5239 1572 5300 ΛΜ

312 5338 501 5388 ιΙεοοηιυιιῐό.
564 5334 833 5402 tauto----]
847 5355 880 5387 on
894 5340 1049 5388 exercitui?
1112 5338 1266 5387 “mitam
1296 5340 1386 5390 millia
1402 5341 1460 5390 edd.
1521 5328 1573 5376 Μ*

311 5422 396 5472 lidiss.
410 5427 460 5470 MS.
523 5422 546 5456 ²⁰
558 5426 665 5473 utinam
676 5449 935 5458 ------
936 5421 945 5489 ]
964 5441 997 5473 an
1011 5437 1072 5472 eum
1084 5422 1226 5474 Helvetiis
1238 5424 1375 5475 dimicare
1388 5425 1466 5476 detur
1476 5411 1575 5473 «111⁸st

312 5512 390 5576 quid?
