3625 7050
256 1219 372 1272 xxm
397 1234 767 1274 svmmoroovrcaru
781 1237 816 1271 on
829 1236 1174 1275 arrranconsomrosu.
1193 1233 1393 1277 sasivimus.
1430 1211 1478 1282 47

206 1387 265 1451 ilus
286 1407 347 1451 non
370 1408 417 1450 cs:
441 1389 532 1452 babes
554 1398 616 1452 tres
638 1388 721 1460 illios,
745 1391 861 1469 optimae
877 1393 940 1469 spei
954 1393 1082 1462 iuvenes,
1106 1400 1194 1472 atque
1213 1393 1321 1454 horum
1336 1395 1481 1454 maximus

206 1498 255 1552 itu
275 1490 465 1577 Ludovicbus
486 1499 516 1553 et
538 1493 659 1553 maritus
682 1500 726 1552 cst
748 1500 777 1553 et
798 1501 896 1571 pater;
927 1492 1018 1553 babes
1039 1492 1142 1563 liliam,
1177 1502 1206 1555 et
1232 1496 1325 1572 ipsam
1354 1503 1479 1556 matrem

206 1609 220 1652 r
243 1591 325 1654 claro
347 1594 446 1672 equite
467 1592 599 1672 Zeysollo
618 1594 659 1654 de
680 1593 888 1672 llosenberglr:
918 1594 955 1654 ab
976 1594 1023 1655 his
1044 1594 1232 1674 desyderium
1253 1598 1364 1658 resarci
1384 1604 1477 1657 tunm.

206 1695 234 1754 ic
255 1692 373 1773 lugere,
396 1695 439 1754 sic
459 1695 577 1772 proiici,
600 1696 706 1773 ingrati
728 1694 852 1755 deoruin
874 1695 1024 1756 beneficiis
1046 1697 1134 1756 animi
1149 1705 1201 1757 est.
1239 1716 1335 1777 neque
1350 1705 1533 1777 unquam-t.

206 1794 332 1856 utabunt
354 1813 386 1855 se
407 1797 499 1856 amari
521 1795 574 1856 abs
596 1805 624 1856 te
646 1797 677 1856 bi
706 1805 765 1856 tam
792 1796 872 1874 digni
899 1815 1000 1857 amore
1027 1796 1126 1867 liberi,
1158 1799 1182 1857 si
1212 1817 1244 1859 se
1272 1800 1345 1860 adeo
1372 1799 1480 1878 negligi

206 1896 326 1966 idorint,
349 1903 382 1956 ut
396 1895 472 1957 nolis
486 1898 583 1958 rivere
605 1905 634 1957 et
654 1896 735 1958 luctu
758 1915 860 1957 vacare
883 1905 959 1957 etse
975 1899 1041 1958 lrni.
1078 1898 1120 1958 lta
1136 1901 1223 1960 istum
1238 1907 1388 1961 mortuum
1404 1898 1479 1969 dole,

207 2007 220 2058 t
241 2006 271 2058 et
292 1998 347 2058 bos
367 2016 509 2077 agnoscas
532 2006 561 2059 et
582 1998 634 2058 tibi
656 2006 792 2058 constes.
820 2001 983 2077 Antequam
1005 1998 1058 2059 tibi
1079 2008 1165 2060 uatus
1187 2009 1264 2062 esset
1284 2000 1369 2070 illius,
1392 2000 1480 2061 talem
1492 2015 1536 2065 ta.

206 2099 307 2161 uidem
328 2099 451 2178 optabas
473 2099 525 2160 tibi
548 2101 727 2177 contingere,
750 2099 844 2178 qualis
867 2100 914 2160 bic
936 2100 1005 2169 luit;
1029 2100 1081 2161 sed
1103 2109 1133 2161 et
1154 2102 1248 2163 donec
1269 2121 1328 2162 non
1351 2103 1480 2180 contigit,

206 2218 272 2279 tque
294 2201 374 2261 inisti
396 2202 507 2270 animo,
536 2219 604 2261 cnm
625 2202 717 2267 scires
739 2201 776 2260 ad
798 2209 931 2262 nostrum
954 2202 1108 2262 arbitrium
1129 2203 1201 2263 nibd
1225 2206 1255 2263 in
1282 2203 1373 2265 rebns
1399 2204 1480 2273 verti,
1557 2265 1561 2272 ,

206 2308 218 2362 t
237 2302 335 2381 siquid
357 2309 466 2380 praeter
487 2309 619 2379 optatum
640 2301 725 2362 nobis
748 2303 874 2373 eveniat,
903 2304 1052 2364 nerninem
1074 2304 1148 2365 adeo
1169 2304 1305 2375 stultum,
1334 2305 1409 2366 adeo
1430 2305 1481 2365 de·

206 2410 319 2465 imtem
340 2422 406 2464 esse
427 2398 551 2472 debere,
580 2404 630 2482 qui
652 2402 697 2465 vel
720 2403 871 2481 indignum
893 2404 951 2464 hoc
973 2404 1050 2465 dicat
1071 2404 1116 2465 vel
1138 2412 1256 2466 accuset
1281 2406 1388 2467 deum.
1423 2406 1481 2466 Sed
1494 2410 1540 2460 §.a

207 2522 247 2565 oo
268 2505 321 2566 diu
343 2513 388 2567 est
408 2511 524 2582 sperata
546 2504 599 2564 abs
621 2511 649 2565 te
671 2504 814 2565 eiusmodi
835 2504 951 2582 proles:
981 2507 1041 2566 sire
1063 2506 1140 2566 enim
1163 2505 1258 2586 aliqua
1281 2506 1328 2567 dei
1349 2507 1481 2584 benigni·

206 2613 261 2675 ite,
285 2607 346 2667 sire
368 2624 438 2667 casu
460 2613 489 2666 et
509 2606 634 2683 propitia
657 2614 727 2666 tunc
748 2607 879 2676 fortuna,
909 2615 995 2667 natus
1017 2607 1068 2667 tibi
1090 2626 1166 2668 rarae
1188 2609 1302 2669 virtutis
1323 2606 1400 2669 illius
1422 2617 1481 2676 est;

207 2714 278 2787 tque
297 2708 324 2768 is
347 2725 415 2770 cum
436 2715 539 2784 suapte
561 2709 667 2767 virtute
688 2709 855 2768 universam
877 2709 960 2785 prius
974 2708 1162 2769 Germaniam
1182 2709 1347 2770 studio·sui
1369 2708 1481 2768 iollam·

207 2807 489 2898 ausonioccubuit:
511 2814 671 2887 utrumque
692 2807 764 2868 nibil
786 2815 846 2878 est,
875 2817 904 2870 et
927 2805 1005 2888 quod
1027 2819 1112 2871 natus
1135 2818 1193 2880 cst,
1222 2819 1251 2870 et
1273 2809 1352 2889 quod
1374 2811 1417 2870 sic
1437 2811 1481 2869 in·

207 2911 282 2972 triit:
305 2928 360 2971 cur
382 2910 459 2971 enim
481 2910 574 2988 magis
596 2908 678 2969 doles
699 2909 843 2979 ablatum,
873 2929 961 2989 quam
984 2929 1043 2971 non
1065 2891 1134 2972 nato
1155 2910 1270 2972 solebas
1298 2912 1482 2972 contristari?

207 3030 231 3073 tc
249 3012 353 3073 nescio
374 3029 411 3071 an
433 3011 559 3088 optatior
586 3011 612 3071 ei
638 3028 719 3070 mors
746 3011 880 3072 accidere
906 3015 1050 3089 potuerit:
1083 3013 1191 3074 occidit
1218 3014 1296 3073 enim
1326 3020 1481 3091 postquam
1491 3029 1510 3079 t.
1519 3030 1549 3075 n.

207 3111 351 3175 &issima
373 3113 490 3190 optimas
511 3111 616 3172 indolis
638 3113 815 3174 monimenta
838 3131 872 3173 ac
893 3112 1121 3175 laudatissimam
1149 3115 1194 3175 sui
1221 3114 1394 3175 memoriam
1415 3114 1483 3174 reli-

207 3214 302 3293 ubet
322 3213 471 3283 omnibus,
495 3231 513 3274 o
533 3213 687 3292 desyderio
708 3232 743 3274 ac
764 3215 901 3291 opinione
924 3214 1074 3275 bominum
1097 3215 1135 3276 de
1157 3233 1189 3276 se
1209 3217 1327 3294 optima,
1350 3233 1415 3294 quae
1430 3233 1484 3294 per

207 3313 348 3379 [α-οιιΙωι
370 3315 477 3375 mutari
498 3332 659 3393 progressu
680 3317 821 3393 temporis
844 3318 952 3393 potuit,
980 3335 1059 3377 nunc
1087 3324 1117 3376 et
1138 3315 1224 3394 plena
1250 3324 1280 3377 et
1301 3315 1394 3376 solida
1415 3334 1483 3394 per·

207 3424 310 3479 rma.
343 3415 453 3486 Quodsi
475 3433 511 3476 cx
533 3423 585 3476 tuo
607 3423 673 3475 voto
695 3418 770 3477 mori
793 3416 956 3488 debuisset,
990 3435 1087 3478 nonne
1116 3418 1174 3478 hoc
1201 3426 1314 3478 tanturm
1342 3425 1482 3495 optasses,
1494 3437 1552 3487 cn.

207 3516 373 3599 doliquam
394 3515 548 3596 probitatis
570 3536 605 3579 ac
627 3518 801 3580 innocentiae
824 3519 931 3580 lamam
954 3529 1021 3598 post
1041 3539 1073 3581 se
1095 3518 1293 3599 relinqueret?
1315 3526 1344 3580 at
1361 3521 1427 3599 quis
1441 3518 1484 3580 vel

207 3628 294 3682 nstra
313 3620 456 3681 memoria
476 3618 523 3680 rel
545 3627 661 3697 patrum
683 3619 825 3681 relatione
847 3621 885 3681 ita
908 3630 1043 3683 mortuus
1066 3629 1119 3692 est
1142 3629 1174 3681 ut
1197 3626 1260 3682 eius
1281 3622 1368 3681 vitam
1384 3639 1487 3681 omnes

207 3721 360 3791 tardarent,
388 3728 515 3782 mortem
541 3739 612 3782 vero
638 3722 722 3799 quasi
750 3740 937 3783 communem
965 3723 1111 3800 quandam
1140 3721 1328 3782 acerbitatem
1350 3721 1431 3783 luctu
1452 3740 1487 3782 ac

207 3839 323 3885 otororc
343 3823 612 3901 prosequerentur?
634 3822 699 3883 Non
722 3823 765 3892 hi,
789 3824 872 3893 diem
901 3825 952 3901 qui
973 3825 1004 3882 in
1026 3824 1142 3892 Suevis,
1171 3823 1293 3883 Francis
1314 3830 1364 3884 aut
1387 3822 1487 3882 vicinis

207 3932 272 3986 axla
293 3922 367 3986 locis
388 3931 472 3993 sunt,
495 3941 598 3985 omncs
620 3923 685 3984 dico
700 3924 839 3985 Germani
860 3924 1100 4001 sigrudcationem
1122 3942 1183 3984 suae
1205 3942 1275 4001 erga
1296 3930 1380 3984 tuum
1394 3921 1486 3983 illium

207 4023 349 4088 uuanda
371 4032 400 4087 ct
420 4026 484 4085 vivo
505 4024 555 4085 illo
577 4032 606 4086 et
627 4033 745 4086 mortno
767 4025 929 4085 dederunt.
967 4025 1028 4085 lant
1043 4024 1158 4102 longius
1178 4043 1296 4103 quoque
1315 4022 1487 4101 penetrabat
1496 4042 1515 4092 s.
1524 4043 1554 4086 n.

207 4127 257 4189 im
276 4126 372 4196 lama,
406 4126 458 4188 sed
480 4127 611 4188 nondum
633 4133 730 4187 tantus
752 4134 829 4197 crat,
864 4134 1021 4205 antequam
1042 4127 1084 4186 sic
1112 4133 1293 4187 moreretur:
1327 4142 1363 4186 ex
1391 4132 1487 4185 morte

207 4229 306 4299 ditarit,
329 4229 413 4290 citius
434 4227 516 4289 illum
537 4228 649 4288 novitas
670 4227 883 4307 inextinguibili
905 4227 1087 4288 claritudinis
1101 4227 1258 4306 splendore
1272 4228 1374 4288 erexit.
1413 4225 1554 4295 illudent

207 4338 294 4410 laquo
314 4328 400 4391 facilc
421 4329 474 4390 tibi
496 4330 641 4398 concedo,
675 4329 796 4408 dignum
818 4331 907 4391 luisse
934 4331 985 4408 qui
1013 4337 1043 4390 et
1069 4331 1178 4391 sineret
1205 4330 1315 4391 diutius
1342 4336 1372 4390 et
1398 4327 1489 4390 levius

208 4438 377 4501 mentri
408 4431 466 4493 boc
486 4449 579 4510 nego,
610 4431 798 4492 illustriorem
821 4433 929 4492 lamam
950 4431 995 4493 vel
1017 4430 1109 4493 levius
1130 4432 1284 4493 moriendo
1307 4429 1351 4491 vel
1373 4429 1489 4509 longius

208 4532 318 4596 iveodo
339 4533 471 4611 potuisse
493 4534 649 4613 consequi.
685 4533 839 4612 Utcunque
860 4542 958 4594 tamen
980 4534 1122 4603 aestimas,
1150 4552 1271 4595 necesse
1300 4539 1347 4594 cst
1368 4551 1401 4592 ea
1424 4540 1556 4611 quactu-

208 4634 381 4703 seidonim,
414 4635 493 4695 lerre
514 4654 598 4714 aequo
620 4636 736 4696 animo.
770 4636 911 4714 namqui
940 4634 1049 4695 liberos
1078 4642 1232 4713 procreat,
1265 4634 1345 4696 bunc
1371 4625 1489 4694 illorum

208 4753 315 4817 tuoque
336 4753 422 4796 casos
443 4754 478 4797 ac
500 4736 632 4797 fortunas
653 4743 786 4815 spectare
809 4738 963 4797 convenit.
997 4737 1069 4797 dare
1089 4744 1142 4796 tuo
1163 4734 1222 4794 lilio
1248 4735 1334 4793 vitam
1360 4734 1489 4812 potuisti,

208 4840 260 4899 itae
280 4837 442 4898 himinum
462 4846 592 4899 statuere
613 4856 673 4897 non
695 4839 822 4916 potuisti.
856 4836 953 4908 Quare
976 4838 1052 4898 banc
1074 4834 1266 4897 calamitatem
1288 4850 1376 4912 quam
1394 4852 1556 4904 rocasels

208 4958 255 5000 no
276 4938 333 4999 alia
354 4939 468 4999 ratione
489 4940 640 5009 evitasses,
673 4958 761 5018 quam
784 4940 808 4998 si
830 4957 889 4999 non
911 4941 1063 5017 genuisses
1090 4937 1200 4999 lilium.
1234 4944 1263 4996 at
1290 4935 1411 5014 gignere
1439 4937 1490 5015 qui

208 5038 326 5109 oluisli,
350 5039 433 5101 cuns
454 5049 581 5101 mortem
603 5041 681 5101 lerre
703 5040 814 5101 nolles?
837 5059 873 5101 an
896 5031 993 5101 minus
1016 5058 1052 5100 ex
1074 5046 1178 5100 natura
1201 5047 1245 5099 est
1267 5032 1387 5097 interire
1402 5056 1489 5116 quam

208 5141 297 5203 nscil
327 5140 423 5202 Credo
455 5141 558 5203 malles
584 5160 643 5203 non
673 5143 822 5220 genuisse,
855 5160 944 5220 quam
975 5142 1018 5201 sic
1044 5139 1173 5202 ablatum
1202 5139 1319 5207 dolere;
1357 5137 1491 5198 atillam

208 5242 368 5305 rraeclaram
391 5242 508 5306 laudern
530 5262 589 5303 non
610 5243 741 5314 tulisses,
775 5245 805 5304 iu
827 5261 884 5321 qua
908 5243 992 5311 vixit,
1027 5241 1106 5303 illam
1127 5238 1386 5320 incomparabilem
1408 5240 1492 5299 inno-

263 5446 435 5516 ⁸Zoysolfus
450 5448 572 5499 badonici
583 5449 789 5513 Huttenipener.
832 5446 881 5495 ‘si
894 5446 994 5511 projici
1006 5448 1032 5495 2.
1069 5444 1238 5497 coelestibus
1250 5444 1313 5495 ben.
1326 5439 1374 5493 ³¹¹.
1421 5440 1493 5491 'bos

209 5534 310 5586 nterim
328 5531 454 5602 agnati
509 5531 528 5567 ¹¹
541 5531 586 5585 vol
598 5530 729 5586 metali.
765 5532 816 5567 ¹²⁸⁰
827 5530 1092 5600 percuristumsfl.
