3625 7050
273 1209 344 1284 434
417 1222 525 1274 CCVII.
546 1240 628 1276 cnorr
643 1237 761 1277 arsiam
773 1241 810 1276 m>
823 1240 971 1279 sanamini
984 1239 1135 1281 crassatur
1147 1240 1190 1280 cr.
1205 1243 1231 1280 υ.
1246 1241 1267 1280 5.
1281 1241 1344 1281 bac.
1359 1237 1417 1281 rtur.

270 1408 341 1463 niam
364 1405 477 1461 subiecti
498 1403 629 1463 homines.
674 1401 827 1457 honoratur
855 1402 920 1457 mihi
947 1403 1076 1458 memoria
1102 1411 1179 1459 retus
1207 1404 1241 1460 tle
1267 1407 1401 1478 tragedia
1433 1406 1548 1462 reverendi

215 1491 432 1565 §.aliapnionis
461 1490 538 1544 cuius
565 1505 654 1542 trutino
681 1487 771 1559 spacio
793 1495 932 1560 spectator
954 1488 1001 1542 lui.
1046 1487 1079 1543 Et
1100 1486 1192 1561 lingua
1213 1498 1242 1545 et
1263 1490 1384 1546 calamus
1404 1491 1518 1550 deliciet.
1534 1491 1549 1544 si

269 1576 347 1632 relim
379 1591 519 1630 recensere
548 1570 739 1642 theologorum
767 1571 911 1633 insaniam,
946 1590 1062 1646 qnorum
1090 1574 1202 1629 alhectns
1232 1575 1320 1630 inveni
1351 1574 1549 1631 muliercularm

268 1659 520 1736 perturbationibus
538 1657 707 1729 agitatioresi
750 1657 770 1710 u
794 1657 815 1710 si
838 1674 898 1711 cnm
923 1675 972 1712 suo
995 1656 1109 1713 artifieio
1130 1658 1269 1730 prodirent
1293 1660 1404 1715 obscuri
1427 1661 1489 1721 riri,
1513 1677 1550 1732 qno

268 1764 318 1820 pro
341 1745 438 1800 nierito
467 1761 516 1797 sno
545 1740 751 1796 illustrarentur
774 1740 863 1795 tlenno
886 1741 1057 1797 tenebricosi
1085 1751 1191 1816 patres.
1224 1745 1270 1817 qni
1298 1744 1381 1800 aliter
1407 1763 1456 1801 nec
1477 1744 1566 1799 roluats

270 1849 319 1886 nec
342 1837 458 1904 possunt
481 1826 612 1882 illustrari
635 1843 716 1898 quam
738 1843 785 1880 sua
808 1824 883 1887 lnce.
906 1826 957 1882 hoc
975 1835 1030 1888 est,
1051 1843 1131 1899 tpuam
1153 1828 1264 1901 capitmt
1286 1849 1301 1884 a
1323 1848 1375 1885 suo
1397 1830 1475 1885 cerlo.
1517 1828 1553 1883 snt

213 1915 416 1990 §.spa-utimar
435 1930 525 1986 spero.
569 1911 627 1965 b'on
651 1916 754 1964 tantum
777 1919 925 1983 peccarunt
945 1911 1138 1973 Lorarrieuses,
1159 1914 1286 1984 quoniam
1310 1915 1440 1987 quicquid
1464 1913 1554 1969 illornn

269 2000 380 2056 insanire
400 2007 443 2054 cst
466 1998 492 2051 in
517 1996 568 2050 hoc
590 1994 702 2055 indicio,
735 1995 761 2049 hl
785 2012 799 2048 a
825 1993 1033 2050 boloniensibus
1054 2014 1084 2052 ac
1108 1996 1141 2051 ab
1162 1996 1327 2054 llochstrato
1347 1999 1458 2054 initium
1476 1999 1553 2070 cupit:

184 2143 187 2146 Α
269 2084 314 2140 ille
337 2102 391 2139 nou
418 2083 540 2155 quiescet
561 2081 647 2135 ‹lonec
669 2078 767 2134 misma
790 2079 877 2134 anima
900 2079 928 2134 in
950 2079 1057 2152 perdito
1080 2098 1196 2154 corpore
1223 2080 1381 2138 luctabitur.
1426 2082 1555 2138 boranien·

213 2171 338 2227 §.usiam
361 2184 440 2223 error
467 2166 494 2219 in
520 2163 612 2220 multis
631 2163 734 2218 reniam
754 2163 860 2218 ridetur
883 2163 991 2220 lmbcre.
1036 2164 1212 2221 colonienses
1235 2167 1268 2222 ile
1293 2168 1430 2223 industria
1452 2173 1579 2240 peccantia

269 2270 384 2328 quornm
408 2249 556 2306 sceleratos
578 2249 631 2304 dna
654 2265 742 2320 nuper
765 2248 892 2321 periisset
915 2248 1005 2321 gladio
1029 2249 1145 2305 llutheni
1164 2268 1218 2306 non
1237 2251 1333 2324 procul
1354 2270 1370 2307 a
1393 2250 1557 2312 bernaium

268 2339 406 2410 indiguam
436 2334 487 2390 sibi
517 2341 641 2406 putasset
667 2331 880 2388 llochstraticam
906 2342 1021 2389 mortem
1051 2335 1179 2406 generosi
1207 2336 1288 2391 animi
1318 2337 1440 2393 iuvenis:
1471 2335 1558 2391 «limisit

270 2422 405 2496 trepidum
429 2419 615 2491 sanguineque
633 2425 778 2472 carentem.
824 2417 875 2472 Seri
897 2418 978 2473 mims
1000 2419 1123 2475 trraximis
1144 2420 1172 2474 iu
1195 2430 1221 2475 te
1243 2429 1271 2476 ct
1292 2421 1465 2495 Kapnionem
1486 2427 1559 2476 cesset
1612 2470 1613 2475 ,

200 2505 444 2583 §.ruperturharez
475 2504 521 2558 secl
545 2502 632 2558 nescit
658 2502 738 2557 linem
766 2502 851 2558 furor.
896 2502 994 2558 blultas
1021 2513 1116 2577 postca
1146 2505 1255 2561 technas
1284 2507 1387 2562 struxit
1415 2504 1558 2563 sceleratus.

267 2610 334 2667 quas
355 2591 468 2662 longum
491 2589 563 2643 soret
585 2604 709 2643 narrare:
744 2595 851 2659 tempus
873 2586 1016 2650 indicabit,
1040 2588 1085 2643 ubi
1107 2589 1224 2645 rintlicta
1247 2598 1357 2664 sutrrpta
1380 2591 1466 2646 luerit
1490 2609 1503 2645 a
1525 2605 1582 2645 sce

266 2676 366 2732 ilitioso
385 2682 470 2748 patre.
516 2672 590 2727 Seilit
611 2689 716 2727 mecum
735 2671 827 2726 Vuhhe
845 2670 865 2722 V
885 2671 956 2733 dies.
980 2690 1081 2745 paucos
1100 2683 1165 2746 post
1185 2675 1243 2730 thes
1260 2675 1307 2731 nbi
1328 2693 1392 2731 cuna
1410 2674 1559 2730 llochstrate

268 2762 356 2817 luerat
378 2775 550 2831 congressus.
595 2755 697 2812 Vellem
719 2756 803 2811 scires
829 2764 903 2811 artes
931 2757 1163 2813 sanctissimorum
1192 2768 1314 2832 patrum,
1344 2768 1402 2816 tmn
1434 2758 1462 2814 in
1488 2757 1558 2817 ltalia,

268 2855 326 2902 tum
349 2845 375 2899 in
398 2843 553 2903 Geranania,
577 2841 703 2915 qtrtmiam
726 2849 755 2896 et
778 2840 803 2894 in
825 2840 895 2896 hanc
916 2842 998 2898 Ronra
1021 2842 1159 2913 migravit:
1188 2843 1312 2900 Scribere
1328 2862 1384 2899 non
1408 2843 1486 2899 lieet:
1512 2851 1559 2897 tau·

196 2942 216 2992 ς.
228 2940 326 2986 tntum
344 2936 400 2990 est,
423 2927 526 2982 insidia,
550 2943 653 2999 ariagnae
670 2933 733 2981 suut
752 2925 861 2999 ubique.
899 2925 1025 2981 hosimus
1043 2927 1165 3000 tpnaedam
1183 2928 1216 2983 de
1229 2929 1342 2985 Brachio
1358 2929 1462 2984 domini
1477 2935 1558 2984 eontra

269 3014 408 3070 Brachium
433 3010 567 3073 seculare,
591 3011 663 3084 «priori
686 3010 811 3065 invocant
830 3010 876 3082 qui
900 3009 938 3065 nil
962 3011 1074 3083 impium
1093 3029 1148 3067 non
1169 3012 1300 3068 invocant.
1342 3013 1394 3069 Sed
1418 3031 1473 3090 quo
1495 3010 1582 3067 labora

268 3100 313 3174 qui
331 3097 420 3154 brevis
442 3115 503 3152 esse
521 3095 612 3151 rolni‘t
635 3095 661 3149 in
683 3094 850 3151 contrarium
872 3095 966 3150 vitium
987 3095 1095 3169 rapior:
1118 3097 1151 3152 ila
1167 3097 1285 3158 veniam,
1300 3097 1430 3161 blartme,
1452 3096 1560 3171 pontitrr

267 3182 451 3242 sanctissime.
480 3198 556 3237 amor
578 3181 605 3235 in
629 3189 655 3235 te
678 3197 754 3235 inens
777 3180 841 3235 lecit
864 3197 905 3235 me
929 3179 1083 3253 loquace’m,
1113 3189 1140 3236 et
1160 3189 1264 3254 partem
1291 3183 1426 3255 temporis
1449 3179 1558 3238 abstulit.

267 3270 343 3336 Quod
366 3266 438 3321 volni
460 3285 521 3321 cmn
544 3265 702 3321 doctissimo
722 3263 848 3337 Philippo
872 3264 1085 3327 communicare.
1109 3264 1155 3320 ille
1173 3283 1214 3322 me
1228 3267 1387 3340 provocarit
1402 3266 1479 3322 valde
1492 3265 1560 3320 tou

266 3351 382 3427 epistola
403 3352 434 3405 atl
458 3350 674 3410 rescribendum,
701 3365 855 3422 quanquam
880 3349 953 3404 tarde
977 3349 1089 3404 reddita.
1133 3350 1197 3406 h'a'm
1226 3351 1290 3406 (lum
1318 3368 1362 3406 me
1391 3352 1492 3425 qnaerit
1515 3365 1559 3403 una

199 3449 327 3499 §.tactim
347 3444 391 3491 tua
410 3436 436 3489 in
452 3434 539 3495 ltalia.
563 3443 626 3508 post
646 3441 779 3489 serncstre
799 3433 918 3505 spatium
938 3451 979 3489 rnc
999 3433 1099 3489 invonit
1118 3444 1254 3491 errantem
1273 3435 1300 3490 in
1316 3435 1471 3491 Germania.
1505 3432 1580 3489 luite

267 3522 338 3577 enim
355 3520 431 3575 ’nrihi
460 3521 482 3575 is
514 3538 600 3575 arruns
630 3517 910 3580 inconstantissimos,
948 3527 1004 3574 tum
1031 3519 1058 3574 in
1086 3518 1174 3582 ltalia,
1203 3530 1260 3575 tum
1287 3521 1313 3575 in
1338 3520 1493 3581 Gennania:
1519 3517 1558 3573 ubi

267 3606 391 3681 inprimis
411 3605 493 3659 rolni
506 3605 659 3678 quiescere,
683 3603 807 3676 inprimis
830 3612 888 3659 erat
911 3604 1153 3677 peregrinandum,
1181 3606 1253 3679 quoti
1279 3605 1445 3662 hisdiebus
1466 3603 1557 3661 occilit

266 3691 484 3766 qnandoquidem
509 3708 569 3745 cnm
598 3706 686 3763 nuper
712 3705 800 3743 essem
823 3688 849 3741 in
872 3688 970 3744 itinere
992 3689 1025 3743 atl
1046 3689 1182 3745 Rubianos
1205 3707 1292 3751 meos.
1323 3690 1437 3746 substiti
1460 3691 1501 3746 hic
1519 3687 1558 3742 Er-

266 3776 362 3832 lnnliar
384 3776 454 3849 apml
473 3783 578 3829 veteres
596 3774 705 3830 amicos.
742 3772 853 3828 Bitlnnm
876 3790 930 3828 non
949 3772 1028 3834 abiit.
1053 3773 1089 3828 ibi
1110 3773 1148 3828 nil
1167 3773 1219 3830 tale
1238 3775 1362 3848 opinanti
1378 3776 1558 3848 proiecturam

268 3860 422 3916 scholastici
446 3859 550 3915 ordinis
571 3859 774 3914 tlemamlarrmt¹
819 3858 962 3918 herasmi,
985 3858 1031 3914 setl
1055 3875 1183 3915 recusans
1207 3859 1241 3914 eb
1263 3859 1443 3933 ignominiam
1460 3866 1580 3917 coactos

267 3965 326 4001 snm
355 3945 460 4000 subire:
496 3944 580 4015 igitur
604 3952 699 3998 contra
725 3942 846 3997 obiciam
874 3942 978 4017 providi
1008 3943 1094 4016 patris
1126 3943 1253 4006 barnabins,
1285 3943 1410 4017 propriis
1439 3940 1558 4017 neglectis

267 4030 352 4086 aliena
380 4048 460 4091 rnre,
491 4030 516 4083 in
541 4028 679 4102 republica
708 4027 907 4089 studiosorum.
939 4044 1019 4100 quam
1041 4026 1135 4083 Eccius
1160 4037 1223 4083 tuus
1251 4038 1368 4084 conatur
1398 4028 1557 4103 perturbare.

198 4116 320 4177 §.taSetl
344 4114 498 4187 Philippum
523 4113 654 4168 salutabis
676 4121 833 4167 reverenter
854 4120 951 4168 nostro
976 4112 1085 4168 nomine
1110 4112 1268 4185 veniamque
1290 4113 1371 4168 nobis
1394 4114 1430 4169 ab
1451 4113 1496 4169 illo
1517 4112 1558 4165 itu

267 4200 401 4273 petrabis,
425 4199 446 4252 si
469 4199 600 4260 lneviter,
621 4207 668 4253 aut
691 4195 764 4251 nulla
787 4197 945 4252 scribemus
980 4196 1203 4258 tharentum,
1224 4197 1435 4254 fortunetlleus
1457 4195 1558 4253 satietis·

267 4286 360 4338 sirnam
383 4284 553 4343 stuiotatem,
578 4292 608 4338 ut
625 4283 713 4338 rideat
731 4281 825 4337 beatus
845 4290 924 4355 pater
941 4280 1057 4336 filiorum
1078 4299 1189 4337 suonam
1208 4282 1369 4338 incircuitu
1387 4301 1487 4338 iriense
1502 4296 1579 4337 surus

198 4368 331 4431 §.tactim
355 4367 471 4422 blotiano
492 4367 543 4422 ium
565 4384 649 4422 anatis
670 4366 776 4439 aliquot
797 4368 945 4425 contemto.
969 4375 1158 4439 contemptore
1174 4366 1294 4439 coniugii
1315 4375 1344 4423 et
1365 4385 1492 4441 precone
1506 4366 1557 4419 rita

266 4450 490 4512 saerihcnlormn,
515 4469 566 4524 ego
586 4461 692 4512 curura,
715 4451 872 4524 coniugium
892 4452 1019 4524 praefero.
1064 4451 1156 4525 itaque
1180 4451 1226 4524 qui
1249 4469 1338 4507 mcum
1360 4452 1504 4508 consilium
1524 4466 1557 4504 se

267 4544 400 4609 qntrutur,
417 4553 515 4593 uxores
533 4535 583 4591 sibi
597 4535 747 4593 cottocam„
770 4536 933 4610 lhrptissimc
947 4534 1079 4592 Erlunliae
1096 4536 1123 4591 in
1140 4535 1291 4609 pervigiliis
1303 4536 1422 4599 Nicolai,
1440 4532 1557 4593 utum

268 4704 471 4713 -----

334 4804 354 4837 ¹²
374 4806 410 4855 ef.
430 4805 519 4855 locum
539 4820 571 4853 ex
588 4803 758 4853 Hochstrnto
777 4809 879 4853 ovante
901 4803 994 4869 patillc
1013 4803 1088 4853 infra
1105 4822 1130 4869 p.
1139 4803 1198 4854 tlt.
1219 4803 1383 4856 exhibitum.
1451 4805 1471 4839 ¹⁸
1487 4805 1557 4855 nati·

266 4896 421 4950 carentem,
442 4890 490 4940 sed
502 4907 536 4939 m.
551 4906 599 4950 m.‚
620 4891 689 4938 nite
737 4887 758 4920 ¹⁹
776 4890 906 4938 Lusimus
920 4887 1054 4955 quaedam]
1075 4890 1111 4938 ci.
1126 4905 1184 4955 seq.
1197 4889 1317 4940 Hutteni
1332 4892 1478 4957 epistolam
1496 4889 1559 4950 §lh

264 4974 287 5006 ²⁸
306 4975 446 5024 ltnbianos
460 4971 544 5040 nicos]
563 4975 581 5022 i.
597 4990 620 5022 c.
633 4972 875 5023 Dornheimenscs.
922 4971 976 5005 ”³⁰
993 4973 1119 5038 prefect.
1133 4973 1219 5024 schol.
1233 4973 1302 5040 otc]
1323 4982 1492 5027 rectoratum
1507 4974 1558 5023 urii·

265 5061 409 5109 versitatis
427 5060 508 5108 hodic
528 5063 638 5109 vocant.
698 5056 720 5088 ³⁵
738 5062 768 5106 nt
786 5058 881 5108 rideat
893 5056 935 5123 tc]
956 5059 999 5108 Οἱ.
1013 5058 1294 5109 ΡειιΙιῐι.()ΧΧῊΙ.3.
