3625 7050
730 1181 746 1200 ο

348 1214 405 1268 XO.
425 1231 548 1267 arerem
561 1231 598 1268 An
612 1233 725 1269 macru.
740 1234 782 1269 ΕΡ.
798 1234 870 1269 VITAE
884 1234 943 1269 ΕΗ
957 1235 1018 1268 RAT.
1034 1234 1116 1268 ΚΒΜ).
1138 1233 1163 1268 D.
1179 1228 1212 1269 Ἠ).
1227 1234 1287 1268 OCT.
1304 1227 1361 1272 1518.
1431 1205 1501 1278 199

213 1394 244 1448 la
272 1391 350 1450 inter
378 1389 490 1467 primos
511 1387 599 1449 huius
622 1389 727 1455 seculi.
749 1408 808 1449 non
830 1389 895 1450 dico
914 1391 1093 1457 GerrnauoS,
1124 1389 1176 1448 sed
1196 1392 1325 1451 ornuium
1344 1394 1502 1454 universim

213 1493 359 1552 rationum
376 1492 455 1559 dieo,
479 1491 597 1551 vixdum
612 1492 827 1569 respironlilus
841 1498 913 1551 tune
931 1491 1038 1560 lileris,
1060 1509 1134 1569 plue
1150 1499 1179 1551 el
1195 1493 1268 1551 cilru
1283 1495 1382 1554 vilium
1399 1497 1502 1555 Graece

213 1613 241 1653 re
260 1593 364 1654 Laline
388 1601 414 1652 el
437 1593 578 1672 loeprulus
600 1600 657 1660 esl,
682 1600 710 1653 ei
730 1586 1111 1672 scripsill‚⁰ceeculienlilius
1131 1594 1206 1663 aliis,
1229 1614 1285 1655 nec
1301 1594 1427 1655 hominis
1445 1599 1500 1656 rir-

213 1702 300 1756 utem
322 1695 564 1771 agnoscentibus,
592 1696 653 1755 sola
677 1697 822 1774 suspexit,
852 1696 997 1773 slipeudio
1018 1681 1198 1774 prosequuta
1220 1703 1278 1764 osi,
1313 1699 1435 1757 eirilale·
1449 1699 1500 1757 do-

213 1799 297 1858 narii,
337 1804 366 1857 el
390 1797 595 1877 superioribus
623 1799 706 1856 aunis
734 1796 924 1857 Clruuradum
950 1797 1052 1857 Celiim
1080 1805 1213 1875 poeiam,
1247 1801 1346 1873 ignoto
1373 1805 1444 1861 irinc
1472 1803 1563 1860 ines

213 1901 367 1962 Germania
386 1907 481 1977 poene
501 1898 660 1967 vocabulo,
684 1899 846 1959 honorifice
867 1898 969 1959 lrabuil
985 1907 1013 1958 ei
1028 1903 1151 1977 pecunia
1168 1902 1252 1969 iuvit,
1276 1900 1406 1981 aliosque
1422 1920 1502 1962 corn-
1574 1901 1579 1909 '

213 2002 310 2063 dures
331 2009 503 2062 reverenter
526 2002 638 2078 aceepil
660 2008 690 2060 el
711 2001 870 2061 liberaliter
892 2001 976 2061 ioril:
1003 2004 1031 2063 id
1055 2003 1133 2080 quod
1157 2020 1212 2078 ego
1241 2004 1286 2063 isli
1309 2004 1386 2080 apud
1409 2002 1502 2062 Vene-

213 2121 253 2163 ,οε
274 2105 379 2180 adagio
403 2103 500 2162 locum
523 2103 638 2163 dedisse
660 2102 803 2169 arbitror,
834 2104 1033 2164 ornnes·alias
1056 2106 1086 2164 iu
1110 2105 1266 2164 Germania
1295 2105 1423 2164 cirilales
1446 2125 1501 2164 ce.-

213 2206 318 2273 nrlire,
354 2222 442 2265 uuam
470 2204 566 2265 adhuc
595 2204 811 2279 Norinbergaur
839 2205 933 2265 allero
959 2205 1059 2265 ridere
1088 2205 1190 2265 oculo:
1224 2208 1266 2264 sie
1294 2207 1372 2265 eninr
1401 2207 1502 2266 dicuni

213 2305 264 2375 dii,
294 2307 354 2366 sire
376 2305 415 2365 ob
437 2305 514 2365 hane
535 2324 670 2374 causam,
700 2308 759 2366 sire
781 2306 860 2385 quod
883 2309 972 2366 reslri
992 2306 1124 2366 homines
1154 2309 1339 2382 ingeniorum
1367 2311 1501 2369 acumine

213 2428 240 2469 re
265 2407 409 2485 singulari
431 2408 557 2486 quadam
581 2415 647 2467 aute
670 2426 773 2467 omnes
799 2408 941 2467 industria
965 2411 1039 2468 urire
1061 2407 1222 2476 excelluul;
1249 2410 1327 2486 quod
1353 2409 1395 2469 vel
1420 2411 1449 2469 in
1468 2412 1501 2471 iis

213 2511 346 2577 milliens,
368 2527 434 2588 qun>
446 2528 535 2569 mauu
549 2516 742 2578 exereeulur,
761 2511 859 2570 ridere
874 2517 931 2570 esi:
948 2512 1007 2569 iarn
1019 2510 1076 2569 hoe
1088 2511 1164 2571 enirn
1176 2528 1350 2588 persuasum
1365 2511 1501 2572 omuibus

213 2619 266 2681 est,
296 2629 362 2691 que
384 2629 474 2689 opera
498 2613 633 2672 resiralia
657 2618 739 2680 sunl,
776 2631 809 2671 ea
836 2614 954 2687 egregia
978 2630 1042 2672 esse
1069 2618 1119 2672 aul
1146 2612 1239 2686 magis
1265 2630 1353 2690 quarn
1374 2612 1498 2673 aliorum

213 2732 242 2774 rx
269 2719 338 2772 roto
366 2711 519 2772 homiuum
548 2711 723 2782 labronem
757 2720 820 2773 turn
846 2713 922 2772 ienra
952 2719 996 2771 esi
1024 2712 1094 2772 nihil
1132 2714 1209 2791 apud
1245 2731 1296 2772 ros
1328 2714 1496 2774 adulterari.

213 2815 297 2876 Cuius
316 2814 360 2874 rei
377 2813 466 2874 ltaliae
487 2816 707 2891 persuasionem
729 2815 771 2875 rel
789 2817 945 2875 maximam
961 2816 1005 2874 sui
1024 2814 1199 2875 documento
1215 2816 1317 2875 indidil
1332 2815 1379 2875 illc
1397 2823 1498 2876 nostro
1510 2817 1567 2866 §³⁵-

213 2936 267 2995 ero
286 2915 425 2994 pingendi
445 2916 567 2974 artificio
596 2915 712 2993 Apelles
731 2915 870 2976 Allierlus
892 2918 1003 2985 Ilurer,
1031 2936 1118 2996 quern
1142 2916 1196 2984 iili,
1226 2936 1293 2976 cum
1322 2916 1499 2977 nihil-facile

213 3020 389 3081 Germanum
407 3014 520 3076 iairdari
543 3018 620 3094 apud
642 3036 674 3077 se
697 3024 748 3077 aul
770 3036 804 3076 ex
820 3019 926 3078 iru'idia
940 3037 996 3096 qua
1014 3035 1086 3092 gens
1105 3018 1151 3078 illu
1168 3017 1355 3096 peculiariter
1374 3019 1497 3086 laboral,

213 3125 256 3180 ml
277 3123 397 3195 recepla
419 3118 476 3176 iam
502 3117 588 3193 vulgo
612 3119 651 3178 ibi
675 3120 827 3196 opinione,
858 3121 894 3178 ad
925 3122 1022 3179 omnia
1051 3139 1116 3198 qun
1146 3121 1263 3195 ingenio
1290 3121 1421 3196 indigent
1446 3120 1498 3181 lie-

213 3226 290 3282 oeles
310 3237 366 3279 uos
388 3237 452 3279 esse
473 3226 502 3280 el
524 3221 647 3291 inertes,
670 3223 836 3298 peliuntur,
864 3223 900 3280 ila
924 3229 1020 3281 lamen
1044 3223 1244 3290 eclrniruulur,
1268 3202 1309 3280 ui
1322 3239 1380 3280 riou
1402 3221 1497 3282 solum

213 3321 283 3382 diro
306 3323 333 3382 ei
355 3320 532 3387 concedant.
555 3321 608 3380 sed
630 3329 659 3381 el
680 3321 808 3400 qnidam,
831 3329 862 3381 ul
887 3341 976 3401 opera
995 3341 1047 3383 sua
1069 3324 1259 3384 vendibiliora
1278 3323 1398 3390 faciani,
1421 3323 1497 3384 illius

213 3424 259 3485 rub
288 3424 407 3483 nomine
436 3408 612 3500 proponant.
663 3424 695 3482 lu
728 3429 860 3482 uoslrum
886 3425 1019 3484 ordinem
1047 3425 1124 3485 lenio
1146 3426 1305 3485 admodum
1327 3427 1419 3502 serpil
1440 3426 1566 3485 hoel-²6.

213 3543 333 3591 ionum,
359 3522 458 3584 mullis
480 3532 523 3584 iol
544 3528 601 3586 iam
623 3544 715 3585 arrnos
738 3528 926 3603 periinaciler
950 3528 1182 3587 existimandus
1206 3535 1313 3605 praoler
1331 3534 1497 3605 equestrem

214 3629 375 3704 iignilaiem
398 3643 463 3685 esse
485 3626 586 3686 lileros
605 3630 690 3687 seire.
729 3646 826 3705 neque
854 3628 932 3688 aluid
955 3631 1047 3702 iringis
1075 3635 1125 3687 aul
1152 3630 1233 3705 prius
1261 3630 1396 3689 iuvidiam
1420 3630 1497 3706 apud

213 3747 258 3788 ros
280 3730 397 3806 peperit
419 3727 499 3787 claro
521 3730 609 3807 equ'di
631 3727 808 3794 Eiielu'oiio.
843 3748 930 3807 quam
959 3730 1037 3807 quod
1067 3731 1090 3789 is
1118 3731 1193 3788 lianc
1214 3732 1357 3807 imprimis
1379 3729 1417 3788 oli
1440 3732 1496 3789 rir-

213 3836 298 3890 ulem
320 3830 490 3888 emersisset
510 3849 544 3888 ac
563 3836 662 3890 taulus
684 3837 774 3898 essen
802 3832 851 3908 qui
872 3849 940 3890 cum
968 3832 1160 3890 innolescenii
1184 3833 1240 3890 iam
1269 3831 1339 3890 milri
1364 3851 1415 3890 sua
1441 3849 1497 3908 opo

213 3949 319 4011 noque
341 3929 463 3989 consilio
490 3938 632 4009 qiranlum
661 3939 758 4009 pessel
787 3932 955 4009 presidium
984 3930 1128 3998 aelicrrci,
1160 3938 1246 4010 alqne
1274 3951 1338 3990 earn
1368 3933 1402 3991 ad
1433 3950 1497 3990 reue

213 4035 282 4094 noli
301 4048 434 4092 essemus
448 4034 612 4111 principem
628 4051 716 4109 supra
739 4033 889 4108 strigorem
906 4034 969 4092 eius
988 4033 1099 4092 ordinis
1115 4040 1232 4112 captum
1249 4035 1372 4107 iirgeuiis
1388 4036 1496 4111 pariles

213 4154 236 4194 re
256 4133 352 4194 literis
374 4133 537 4201 iacentem,
562 4134 656 4201 lione,
683 4133 841 4202 Biliiialde‚
871 4154 960 4212 quern
981 4143 1012 4194 iu
1034 4141 1114 4194 recle
1136 4134 1303 4203 admiraris,
1332 4133 1495 4201 dllierluin,

213 4253 322 4314 amque
346 4252 401 4310 ego
425 4234 500 4295 illius
522 4234 608 4319 simui
630 4234 776 4310 suffragiis
792 4255 825 4296 ac
842 4238 943 4315 optimi
957 4238 1099 4315 principis
1112 4235 1284 4296 liberalilaie
1300 4254 1494 4311 eruergerem,

213 4338 326 4404 recidit,
361 4335 558 4413 prohdolor,
589 4338 708 4396 occidit:
743 4339 853 4415 oplirno
874 4340 951 4398 enirn
981 4341 1045 4399 iure
1071 4340 1134 4398 eius
1163 4345 1288 4399 moriem
1311 4338 1411 4406 doleo,
1446 4339 1563 4416 quii-²⁷.

213 4457 299 4500 neam
326 4439 433 4498 adiurit
457 4440 559 4498 iilam:
596 4456 763 4517 qumquam
786 4457 844 4498 uon
865 4446 925 4499 lam
946 4442 1059 4518 privalo
1080 4459 1147 4499 meo
1177 4441 1364 4500 irnornnrodo
1392 4440 1499 4499 occidit

213 4558 407 4570 ——

269 4607 396 4658 ¹ea=ouli
408 4606 442 4656 B.
458 4610 530 4657 d...d.
583 4605 784 4657 ¹litterinm⁸
843 4606 980 4657 ¹locutue
998 4616 1023 4657 ul
1042 4614 1154 4658 seculus
1172 4610 1261 4674 rudique
1281 4613 1354 4659 m.
1407 4607 1496 4672 ⁴pr0·

213 4697 301 4744 leculo
321 4693 394 4741 imo.
449 4688 588 4756 oirluiinte
604 4693 636 4740 A.
656 4708 760 4741 comen.
775 4694 810 4741 H.
864 4692 968 4742 ⁵conr.
984 4693 1077 4741 Celles
1090 4709 1111 4741 s.
1125 4692 1222 4751 Collis,
1237 4694 1383 4742 Protueius
1397 4709 1497 4757 eogno-

213 4779 337 4839 ninetus‚
365 4776 499 4840 Wipieldi
519 4776 554 4825 ad
572 4778 691 4825 Mutuum
711 4792 736 4825 a.
752 4775 824 4825 1459.
844 4782 938 4834 natus,
964 4778 1067 4840 primus
1090 4778 1162 4825 inler
1180 4776 1332 4825 Germanos
1359 4783 1442 4841 poeta
1461 4778 1496 4825 eb

215 4866 372 4928 operatore
391 4860 533 4911 laureatus
552 4859 649 4922 (1487.)
677 4867 705 4909 ei
724 4863 792 4910 ariis
810 4861 988 4910 versificandi
1016 4860 1153 4921 (allen.)
1182 4867 1291 4919 errator,
1319 4861 1496 4910 sociotntium

214 4946 404 4996 itterarierum
418 4945 558 4996 Rhenanus
572 4952 600 4994 et
612 4946 787 4996 Danubinme
802 4946 940 5004 conditor,
961 4946 1034 4994 inter
1046 4945 1230 4994 litteratorum
1244 4944 1339 4993 saeculi
1352 4945 1410 4993 XV.
1423 4947 1496 5008 priu-

213 5032 279 5097 eipes
298 5044 411 5094 semper
428 5029 590 5078 laudandus.
622 5029 778 5090 †a.1508.
842 5029 1080 5094 ”Norimbergnm
1101 5032 1172 5077 dmi).
1239 5027 1260 5059 ¹⁰
1279 5044 1405 5077 cariosam
1429 5029 1496 5093 ndiq.

213 5131 248 5165 rer
266 5130 295 5166 se
315 5116 341 5163 4.
396 5110 415 5144 ¹¹
435 5115 470 5163 iis
488 5116 608 5164 eomll.
624 5130 675 5179 pro
693 5116 737 5164 his
756 5117 837 5165 A...5.
901 5113 923 5146 ¹⁵
941 5116 1009 5163 Ante
1028 5115 1069 5163 eui
1089 5119 1113 5162 ei
1136 5112 1184 5162 ille
1208 5118 1334 5162 commotio
1355 5120 1430 5177 sipna
1450 5129 1497 5177 po-

213 5201 297 5251 nell.
355 5196 375 5229 ¹¹
388 5197 656 5264 DurrerAB.nepue
669 5216 737 5249 corr.
748 5202 782 5249 H.
818 5200 983 5249 Diirer5.ii.
1018 5196 1495 5259 Diirerimoriem(a.l528.)Pirek·

213 5286 341 5336 reimerus
358 5280 454 5331 Vlrico
473 5284 611 5343 Eumene,
636 5283 685 5332 sed
708 5298 762 5332 uon
786 5287 894 5343 nostre,
920 5282 1030 5332 nriuliel
1049 5282 1168 5347 epistola
1188 5296 1268 5345 qrrum
1292 5282 1365 5330 inira
1385 5282 1495 5330 exhihe-

213 5368 300 5419 iimus.
337 5364 358 5398 ²¹
380 5381 413 5415 ac
432 5367 613 5431 inscriptione
633 5365 701 5430 (post
720 5367 840 5429 nomine)
859 5366 952 5416 labent
968 5369 1058 5424 Α..,5.,
1078 5367 1208 5417 delendum
1226 5381 1282 5415 esee
1298 5367 1448 5429 eiprnsteovit
1460 5365 1496 5412 ΙΙ.

213 5449 327 5514 ἐσίω,
347 5447 420 5514 neqp]
440 5451 476 5499 H.
487 5452 550 5511 fecii
564 5452 644 5501 scire.
664 5451 732 5515 Neqp
801 5449 823 5481 ¹⁵
841 5451 913 5500 hune
926 5452 962 5500 II.
976 5452 1061 5501 udecr.
1072 5467 1123 5515 pro
1141 5451 1221 5499 istum
1235 5451 1294 5498 edd.
1363 5446 1384 5480 ⁸¹
1404 5463 1496 5513 quorn-

213 5551 283 5604 prem
300 5535 371 5604 udiq.
391 5535 414 5583 4.
