3625 7050
258 1231 376 1283 xxm
404 1243 775 1282 nvrrrrrreurveevrenru
786 1243 822 1279 er
836 1240 1181 1278 nrrrrreeueoerremr.
1202 1234 1404 1278 menevensis.
1441 1213 1489 1284 49

193 1401 256 1461 cius
278 1419 368 1479 quem
390 1400 536 1462 reducere
557 1417 617 1459 nen
638 1405 737 1476 petes,
761 1398 905 1458 convenit
950 1396 1056 1457 deiude
1083 1397 1127 1458 sic
1148 1395 1277 1457 adversis
1298 1397 1493 1460 succumbere

193 1520 290 1580 neque
310 1501 395 1564 virile
417 1508 462 1563 est
483 1519 580 1579 neque
601 1501 679 1560 iirmi
700 1501 798 1561 animi.
843 1501 888 1559 bn
910 1498 1035 1566 debitas,
1059 1519 1126 1559 cum
1149 1501 1255 1566 omnia,
1279 1507 1429 1578 uteunque
1444 1519 1492 1562 ra·

192 1603 278 1672 daut,
301 1603 473 1681 accipienda
494 1604 565 1672 siet,
587 1619 680 1664 uuum
703 1600 810 1679 aliquid
833 1619 893 1660 neu
916 1618 980 1660 esse
1003 1602 1117 1661 fortiter
1138 1600 1312 1661 serendum?
1333 1618 1430 1680 neque
1448 1610 1493 1662 est

193 1703 348 1766 consilium
371 1712 541 1782 expectare,
564 1704 635 1765 dum
658 1710 774 1780 tempus
795 1704 883 1763 istum
905 1701 957 1762 tibi
980 1721 1138 1762 moerorem
1160 1701 1257 1763 iemat.
1302 1702 1369 1780 lpse
1390 1705 1557 1780 petiusme

165 1806 263 1884 equid
286 1807 385 1867 iacere
407 1805 516 1867 debeas
537 1807 642 1885 cogita.
687 1804 766 1884 quod
788 1822 805 1862 a
828 1810 933 1864 nature
956 1812 1016 1873 est,
1050 1822 1171 1864 necesse
1198 1811 1290 1870 etex
1321 1805 1368 1864 dei
1391 1805 1491 1867 reiun-

194 1915 266 1969 tete:
290 1909 314 1969 si
336 1907 367 1969 id
389 1909 489 1987 iniquo
510 1909 609 1969 aenne
631 1907 705 1975 iere,
736 1898 838 1966 contra
861 1912 996 1966 naturam
1018 1907 1104 1975 iacis,
1136 1905 1307 1983 insipienter
1327 1926 1363 1967 ac
1385 1910 1490 1986 impie;

195 2016 274 2070 certe
301 2028 371 2070 rere
399 2010 425 2068 si
452 2015 483 2070 te
503 2010 642 2070 invictum
664 2008 709 2068 bis
736 2007 864 2068 metibus
892 2009 1076 2087 prestiteris,
1105 2006 1196 2068 selide
1223 2008 1400 2070 fortitudinis
1428 2012 1491 2088 opi·
1526 2085 1532 2097 ⁹

195 2111 281 2170 uieue
303 2109 516 2179 celebraberis;
548 2112 594 2171 sin
615 2110 763 2172 abiectum
785 2127 820 2170 ac
849 2109 1024 2178 demissum,
1061 2110 1189 2187 primum
1218 2108 1290 2169 nihii
1317 2109 1489 2181 lucraberis,

195 2210 300 2272 deiude
322 2211 379 2272 bec
400 2230 519 2291 queque
541 2212 619 2292 qued
643 2210 748 2281 babes,
772 2212 906 2288 corporis
929 2212 1014 2280 vires,
1037 2210 1207 2279 infirmabis,
1232 2218 1260 2271 et
1281 2213 1387 2272 mentis
1409 2214 1490 2292 quie-

108 2311 328 2373 mtedinem
348 2313 498 2374 turbatam
519 2313 636 2383 reddes,
659 2315 811 2390 ipsamque
832 2313 921 2374 vitam
943 2311 1023 2373 luctu
1046 2319 1075 2373 et
1096 2330 1225 2373 incerere
1246 2314 1392 2374 conficies.
1430 2315 1557 2376 Curi-²⁵.

193 2413 282 2491 igitur
304 2414 414 2476 frustra
436 2415 597 2483 conflictari
619 2416 725 2485 maris,
753 2432 842 2493 quam
872 2414 951 2492 quod
973 2413 1163 2474 irrevocabile
1192 2422 1237 2474 est
1265 2415 1379 2475 iertiter
1406 2419 1490 2476 aruit·

193 2521 271 2585 tere,
295 2523 340 2586 et,
364 2534 433 2577 cum
454 2514 569 2594 perdite
591 2534 732 2594 reparare
753 2534 813 2576 nou
836 2517 946 2601 possis,
973 2517 1069 2593 ipsum
1090 2524 1135 2585 te,
1166 2515 1244 2594 qued
1266 2515 1413 2594 reliquum
1436 2526 1489 2588 est,

193 2617 332 2678 servare?
365 2617 481 2678 Nolite
503 2616 652 2696 affligere:
687 2618 748 2678 noli
769 2619 799 2677 iu
821 2617 902 2678 luctu
925 2617 1152 2685 contabescerc3
1189 2617 1308 2677 medere
1336 2618 1405 2678 huie
1427 2622 1489 2697 ipsc

195 2718 461 2796 oqrimdiuicsine
482 2719 559 2779 baec
579 2719 632 2779 tibi
654 2701 802 2779 miseriem
825 2718 925 2779 leniri:
959 2718 1091 2779 mortalis
1119 2726 1181 2779 erat
1202 2721 1253 2796 qui
1275 2727 1410 2781 mortuus
1432 2729 1485 2781 est.

111 2829 157 2870 Ι
175 2816 278 2888 reuco
300 2839 370 2882 cum
391 2837 509 2898 semper
521 2821 664 2890 sciveris,
688 2838 741 2882 eur
762 2839 842 2881 nnuc
863 2819 981 2881 tandem
1003 2821 1118 2880 nescire
1140 2820 1263 2881 rideris?
1292 2827 1363 2881 tunc
1384 2820 1556 2900 tugen-eu

194 2918 261 2983 dum
283 2921 339 2982 tibi
361 2928 452 2992 esset,
480 2923 505 2983 si
527 2934 657 3001 uuquam
679 2922 853 2983 credidisses
880 2929 1024 2999 perpetuo
1052 2922 1205 2982 victurum.
1247 2930 1277 2981 at
1304 2921 1487 3000 exploratum

193 3023 241 3083 tibi
264 3029 348 3093 erat,
371 3040 458 3100 pesse
479 3025 555 3083 mori
577 3025 720 3102 primum,
745 3023 849 3085 deiude
872 3023 1009 3084 omuibus
1031 3024 1116 3083 etiarn
1140 3024 1221 3084 beris
1243 3042 1345 3101 posse,
1372 3027 1426 3094 ita,
1455 3033 1487 3087 ut

189 3138 299 3185 eorum
328 3142 387 3184 noe
415 3126 452 3185 sit
479 3132 629 3188 mertuum
655 3144 721 3190 esse
742 3126 906 3186 bominem.
951 3125 1097 3186 Praeterea
1126 3145 1162 3186 eo
1183 3127 1287 3185 mertis
1311 3115 1420 3204 g'enere
1441 3129 1553 3189 iri-cn.

182 3227 269 3287 terite
290 3231 362 3287 tuns
383 3224 475 3296 iilius,
502 3227 581 3306 quod
603 3228 746 3305 imprimis
768 3226 825 3288 deo
847 3226 957 3305 piacet,
984 3224 1093 3287 scilicet
1116 3228 1288 3287 misererier
1308 3229 1486 3291 trucidatus:

119 3322 215 3388 ²⁰1t
237 3317 416 3389 iunecerrtes
437 3346 507 3389 sues
528 3335 611 3389 vocat
633 3328 720 3397 deus,
744 3347 839 3407 neque
859 3347 989 3406 nuquam
1005 3330 1098 3406 magis
1113 3329 1264 3398 irascitur,
1286 3347 1375 3407 quam
1394 3332 1486 3392 oneu-

177 3431 226 3490 sis
248 3427 320 3489 illis.
364 3429 409 3491 Tu
431 3430 502 3508 quid
525 3430 562 3490 ad
589 3448 652 3491 rem
681 3431 784 3498 iacies,
817 3429 910 3491 habes
938 3430 1026 3490 deum
1054 3430 1207 3490 vindicem.
1252 3432 1360 3508 decipe
1387 3441 1554 3496 autemtte.

172 3531 268 3593 aliud
291 3532 318 3592 si
340 3532 398 3596 bec
420 3539 478 3604 est,
514 3534 593 3612 qued
615 3534 677 3594 iere
699 3534 845 3610 sapientes
868 3533 983 3602 dieunt,
1018 3533 1093 3593 bane
1121 3534 1209 3593 vitaer
1237 3552 1301 3594 esse
1321 3536 1485 3605 miseriem,

171 3631 351 3695 delendum
380 3652 483 3695 censes
509 3642 592 3697 tuum
620 3633 712 3695 fliium
740 3653 804 3695 csse
831 3636 972 3711 miserum
1001 3635 1139 3695 desiisse?
1172 3643 1240 3695 sunt
1267 3637 1337 3695 item
1367 3639 1417 3714 qui
1444 3638 1487 3698 sic

170 3743 311 3810 putent,
333 3736 477 3813 optimum
500 3754 644 3797 essenon
667 3730 768 3804 nasci„
791 3738 959 3813 proximum
987 3737 1045 3796 cito
1072 3742 1173 3795 natum
1195 3736 1315 3796 aboleri.
1360 3757 1487 3815 querum

103 3832 156 3883 ὅ
170 3837 272 3913 prim
295 3835 369 3898 tbud
390 3838 493 3899 durius
515 3845 573 3906 est,
597 3855 685 3916 quam
708 3843 740 3897 ut
761 3837 846 3896 nobis
868 3838 1035 3904 conveniat:
1064 3836 1121 3896 boc
1142 3837 1304 3897 secuudum
1327 3838 1389 3898 iere
1411 3841 1487 3899 acci·

171 3939 284 4013 pitur:
317 3955 387 3998 nam
409 3939 434 3999 si
456 3939 504 3999 hic
531 3940 630 4001 miseri
658 3957 775 4006 senius,
808 3937 879 4016 quid
910 3939 993 4015 prius
1019 3944 1122 4014 optare
1149 3937 1306 4005 debemus,
1339 3956 1427 4016 quam
1454 3948 1486 4001 ut

169 4039 336 4120 ocyssirne
358 4058 413 4118 per
434 4047 560 4101 mertem
582 4042 680 4100 miseri
703 4059 768 4099 esse
790 4039 959 4099 desinamus
980 4045 1009 4098 et
1030 4039 1067 4099 ad
1090 4056 1155 4099 earn
1176 4055 1371 4116 properemus
1388 4042 1484 4110 vitam,

172 4159 253 4221 qnae
276 4142 334 4201 vite
358 4143 419 4202 esti
453 4141 530 4202 Nihil
551 4142 673 4203 istorum
695 4160 755 4202 nen
777 4142 913 4202 miserius
934 4147 1030 4200 morte
1049 4140 1162 4209 iudice,
1193 4140 1377 4210 servitutem,
1410 4143 1553 4225 tnta-pe.

173 4244 296 4312 minum
320 4260 484 4314 carcerem,
509 4244 652 4313 dedecus,
676 4242 801 4311 luctum,
825 4242 958 4303 delorem
982 4250 1010 4301 et
1025 4260 1091 4320 quae
1105 4248 1173 4303 sunt
1189 4242 1341 4302 eiusmodi.
1381 4242 1486 4306 Viden·

117 4353 164 4402 ἃ
180 4345 261 4406 dum
285 4345 373 4404 ctiam
396 4346 643 4424 quemadmodum
666 4346 695 4404 in
718 4332 818 4406 rerum
841 4346 954 4406 naturis
976 4361 1045 4404 suas
1067 4328 1163 4405 omnia
1185 4345 1262 4405 vices
1284 4346 1384 4405 sortita
1410 4348 1485 4408 sint:

177 4465 254 4526 quae
277 4454 456 4517 nascuntur,
489 4448 584 4508 virent
606 4448 749 4525 primum,
773 4447 889 4507 deinde
911 4453 1048 4507 arescunt
1070 4452 1099 4505 et
1127 4446 1234 4506 amisso
1261 4466 1350 4508 succo
1378 4451 1486 4509 emeri-

178 4554 297 4616 nntur3
319 4546 477 4626 aliqnando
499 4556 622 4627 repente
645 4556 673 4611 et
686 4555 762 4628 jante
784 4555 901 4626 tempus
923 4548 1080 4609 intereunt.
1126 4548 1183 4608 hoc
1211 4568 1277 4609 cunr
1307 4550 1336 4609 ie
1363 4549 1486 4612 ssoriims

180 4657 213 4711 et
236 4648 343 4710 herbis
364 4658 488 4729 spectes,
512 4651 541 4710 iu
563 4650 715 4712 homiuum
738 4650 793 4711 rita
816 4650 1020 4711 admirandum
1042 4649 1126 4709 ducis
1148 4656 1186 4716 et,
1210 4651 1292 4726 quasi
1313 4657 1420 4726 praeter
1434 4670 1485 4713 ea·

178 4758 286 4812 turam
309 4751 355 4820 sit,
378 4752 421 4813 sic
442 4752 567 4829 accipis?
590 4752 692 4830 Neque
714 4752 791 4812 istud
814 4770 931 4813 rursum
954 4752 1043 4819 vides,
1067 4768 1125 4809 nen
1148 4748 1203 4807 aiia
1226 4750 1339 4809 ratione
1359 4760 1552 4819 mortemon.

128 4859 170 4910 δι
185 4854 255 4914 ritae
277 4853 415 4915 comitem
439 4871 526 4932 quam
549 4853 606 4914 diei
628 4860 745 4913 nectem
767 4852 927 4913 adsistere?
955 4854 1027 4913 Cum
1050 4850 1133 4911 liberi
1162 4848 1215 4909 tibi
1237 4848 1306 4908 otim
1329 4868 1484 4913 nasceren-

186 4961 248 5025 tur,
271 4953 301 5015 id
324 4953 458 5018 naturale
479 4955 597 5033 quidem
620 4955 755 5024 videbas;
778 4973 865 5023 utine,
888 4973 955 5014 cum
978 4957 1134 5020 interemit,
1157 4969 1216 5010 non
1235 4950 1353 5026 ignoras
1368 4953 1485 5029 quidem

184 5054 324 5117 naturaie
346 5064 375 5118 et
396 5056 494 5134 ipsum
515 5056 545 5117 id
569 5075 648 5125 esse,
668 5056 721 5117 sed
744 5058 843 5117 uesrio
866 5055 1015 5133 quemodo
1038 5060 1120 5113 extra
1135 5059 1167 5113 tc
1189 5060 1334 5128 evagatus,
1359 5071 1484 5131 quorum

186 5158 315 5218 maxime
338 5157 442 5228 debes,
475 5176 534 5218 nen
558 5176 671 5217 urcrner
694 5177 733 5218 es.
779 5158 877 5217 Ausim
902 5155 1015 5223 dicere,
1049 5174 1116 5214 cum
1147 5173 1182 5215 ee
1209 5154 1258 5232 qui
1286 5153 1327 5212 sic
1357 5155 1411 5212 vita
1435 5166 1554 5217 eir-§.en

187 5261 291 5331 cessit,
314 5259 391 5322 bene
413 5269 525 5322 actum:
554 5277 623 5319 nam
646 5279 712 5320 curn
737 5278 817 5320 euers
839 5258 1024 5335 sempiternae
1047 5254 1189 5317 libertatis
1211 5254 1323 5314 initium
1352 5258 1405 5322 sit,
1438 5253 1485 5316 iiie

195 5394 392 5405 ..ι-.-

256 5461 375 5529 ²neque
402 5464 504 5513 iustum
531 5467 575 5513 est
593 5461 642 5513 ³¹¹.
713 5461 735 5494 ¹⁸
760 5461 975 5511 predicarem.
1044 5457 1067 5490 ⁸⁸
1092 5458 1202 5522 quidem
1220 5454 1324 5506 onst.
1397 5454 1420 5486 ⁸⁷
1437 5471 1485 5506 nr·

192 5546 320 5600 turr‘ss.
401 5546 425 5581 ⁸⁸
441 5548 545 5599 eurum
562 5564 655 5600 omnes.
725 5546 748 5578 ³⁹
766 5562 828 5597 cum
846 5546 979 5594 iustorum
999 5558 1071 5592 mers
1091 5540 1137 5592 3⁸.

231 5649 367 5701 Hrrrnr
387 5649 456 5701 Orr.
476 5665 539 5701 ver..
557 5651 580 5700 1.
1004 5708 1017 5726 ⁸
1333 5628 1353 5685 4
