3625 7050
260 1161 330 1233 122
366 1174 490 1226 XXXVI.
509 1181 530 1224 t.
542 1185 700 1269 scanzam
714 1184 869 1221 naasonsxo
882 1184 1012 1220 amm.
1026 1184 1063 1220 an
1076 1185 1199 1221 nvrnm
1212 1186 1303 1222 ινιατ.
1318 1187 1429 1223 mm.

407 1345 529 1404 Rhenus
549 1342 588 1402 ab
609 1339 747 1401 Ausoniis
767 1344 911 1415 quantum
929 1339 1014 1414 sapit
1033 1339 1157 1416 Alpibus
1177 1348 1207 1402 et
1226 1343 1308 1417 quod

303 1506 305 1510 .
340 1468 379 1509 nm
477 1447 552 1506 Hoec
573 1447 651 1503 inter
667 1445 803 1519 spacium
824 1443 941 1501 claudit
958 1449 1114 1517 almumque
1134 1445 1234 1516 mare,

412 1548 484 1608 Tam
505 1551 565 1606 late
584 1547 716 1621 patrium
734 1560 859 1617 repnam
878 1560 1067 1617 exercemus,
1086 1552 1115 1605 et
1133 1547 1211 1605 illud

487 1650 544 1708 Via
565 1651 653 1706 ctiam
676 1646 810 1721 Odrysiis
830 1634 970 1705 terminat
989 1647 1069 1706 Ister
1088 1650 1185 1721 aquis.

411 1752 496 1812 Unde
516 1766 571 1811 nec
592 1748 720 1807 imbelles
740 1747 834 1806 Indos
854 1750 989 1807 rnollesre
1010 1747 1144 1821 Sabaeos,

339 1872 378 1913 iss
476 1852 538 1913 Nec
560 1816 682 1910 Persam
703 1850 818 1909 medias
840 1849 975 1909 ducimus
996 1852 1074 1909 inter
1088 1867 1176 1925 opes,-

407 1954 470 2015 Sed
487 1970 582 2028 penus
607 1968 679 2011 acre
695 1954 791 2011 uirum
807 1950 954 2025 ferroque
974 1952 1128 2012 horrentia
1149 1955 1209 2012 late

480 2056 620 2129 Agmina,
643 2069 702 2112 non
721 2055 821 2126 aliqua
842 2061 925 2113 sueta
943 2053 1043 2113 talare
1062 2056 1174 2128 premi,

409 2159 527 2218 Gentem
549 2158 648 2215 animo
668 2154 814 2227 infracto,
835 2156 997 2228 patientem
1015 2154 1120 2228 [ripas
1140 2161 1171 2215 ct
1186 2164 1303 2230 ceston,

339 2282 377 2324 no
480 2258 610 2332 Tamque
630 2259 706 2317 sitim
725 2257 814 2316 docta
833 2271 924 2329 quarn
945 2258 1075 2317 tolerare
1093 2257 1224 2330 samem:

407 2362 463 2425 His
483 2376 537 2435 epa
555 2365 596 2420 tot
610 2360 732 2433 populis
752 2358 869 2416 Gallum
889 2358 1049 2431 pronibere
1069 2362 1215 2421 minacem

478 2463 581 2536 Deque
594 2464 651 2520 'tao
666 2461 751 2535 potui
763 2461 893 2534 pellere,
916 2469 949 2518 ut
969 2469 1055 2532 ante,
1072 2463 1159 2531 sinu,-

407 2566 550 2626 Fortunae
570 2563 710 2623 sederat
729 2561 895 2621 cedendum
916 2564 1055 2636 tmnporns
1076 2563 1179 2636 laius,

340 2687 377 2728 son
478 2667 572 2737 Quam
587 2680 667 2738 sape
689 2662 811 2722 inuitam
827 2663 987 2723 detinuisse
1006 2669 1105 2724 nocet:

407 2768 495 2827 Nunc
513 2767 617 2826 eadem
638 2770 771 2826 eventum
793 2766 943 2824 meliorem
961 2766 1087 2840 spondet
1105 2772 1135 2826 et
1154 2767 1246 2827 audet

477 2869 586 2928 Dicere
607 2883 639 2926 se
654 2866 735 2939 sacti
752 2867 924 2941 penituisse
944 2869 1002 2927 sni.
1109 2884 1114 2890 ·

406 2970 484 3029 Fata
504 2969 592 3028 datas
612 2984 696 3042 oeqne
716 2984 818 3028 rerum
836 2968 1028 3028 moderentur
1045 2969 1192 3042 autenm,

259 3079 264 3087 '
340 3092 379 3132 sos
479 3070 596 3131 Certum
616 3074 659 3129 cst
679 3070 739 3128 siue
759 3069 812 3128 not
830 3071 949 3129 uincere
969 3072 1030 3130 sire
1049 3073 1142 3131 mori.-
1243 3143 1249 3153 .

415 3172 532 3234 Viribus
551 3172 672 3246 imperii
677 3172 799 3231 *sociata
820 3165 997 3230 resupinus
1014 3187 1103 3231 amna

461 3266 606 3333 'ducturi
624 3275 655 3332 in
670 3275 747 3346 fines
761 3275 899 3346 protinus
919 3273 972 3333 illa
992 3279 1095 3345 tuas,·

406 3376 500 3437 Arma
521 3391 576 3439 nec
596 3377 749 3450 antiquam
770 3380 883 3434 tantum
905 3376 1008 3434 m‘sura
1031 3373 1217 3448 Tridentum,

338 3502 376 3545 sm
474 3477 568 3538 Arma
589 3494 646 3553 per
667 3478 794 3553 Alpinas
813 3479 900 3551 lonae
922 3477 1042 3537 abitura
1057 3479 1148 3539 niues.

410 3582 482 3642 Turn
504 3597 599 3654 neque
615 3578 782 3652 sadisrapi
800 3595 902 3638 uecors
924 3577 1044 3640 msartia
1063 3581 1145 3640 Galli

477 3684 617 3757 Eupanei
633 3682 749 3741 obsistet
769 3697 825 3741 nec
842 3681 963 3741 domina
984 3682 1038 3740 illa
1059 3683 1169 3751 maris·

404 3786 470 3847 Non
492 3788 620 3860 aliquem
640 3784 721 3843 dices
744 3781 935 3842 Fridericum
956 3785 1117 3844 animosius
1134 3786 1205 3857 isse,

255 3924 258 3930 ,
338 3909 376 3952 ,αα
474 3888 629 3961 Europam
650 3890 739 3959 atque
758 3884 862 3944 Asiam
879 3884 1012 3958 [reperit
1031 3886 1081 3944 ille
1100 3887 1184 3954 licet,-

409 3990 482 4051 Tum
502 3990 576 4048 milti
595 3987 789 4062 retroprados
810 3986 966 4046 Florentia
986 3989 1112 4061 pinpere
1133 4003 1260 4049 cancros

477 4091 594 4150 Audeat
614 4096 643 4149 et
662 4091 748 4149 claro
766 4088 819 4147 sub
839 4086 910 4147 Ioue
927 4087 1015 4160 serre
1032 4089 1140 4162 faces,-

409 4190 481 4252 Tum
502 4191 606 4251 mediis
623 4190 705 4263 saxo
723 4191 847 4261 recitent
863 4206 940 4249 nova
959 4192 1098 4250 carmina
1119 4195 1240 4265 scenis,

337 4314 375 4355 sn
476 4292 644 4366 Contempta
665 4298 791 4350 careant
807 4294 891 4352 nulla
912 4293 1031 4352 theatra
1052 4296 1118 4354 mei.

404 4394 470 4455 Non
492 4400 590 4453 tamen
611 4394 665 4473 illa
681 4400 795 4453 manent
814 4404 956 4467 quantum
979 4401 1032 4454 tua
1051 4395 1163 4455 damna
1180 4409 1343 4472 piscesque

479 4494 601 4569 Udaque
619 4495 657 4554 dc
678 4496 840 4571 lachrymis
857 4499 957 4557 littera
976 4496 1065 4569 sacta
1085 4500 1152 4557 tuis.

407 4597 540 4671 Qualibet
560 4599 690 4670 interea,
711 4599 851 4671 quoniam
871 4599 953 4670 licet,
974 4598 1111 4672 improba
1130 4602 1241 4659 iactent

336 4720 373 4761 sn
475 4699 603 4760 Consilia
622 4701 737 4774 inprati
753 4701 884 4774 pessima
905 4701 994 4759 turba
1013 4703 1119 4774 animi,

404 4804 498 4862 Poena
517 4804 613 4861 scelus
631 4818 688 4860 sua
710 4803 846 4877 quodque
862 4810 975 4874 manet,
997 4803 1061 4861 sine
1081 4804 1207 4864 crimine
1226 4804 1301 4862 laesa

473 4906 592 4966 Invenit
611 4885 720 4965 ultores
738 4906 837 4978 picria
859 4921 932 4964 vera
953 4905 1031 4964 deos.

318 5239 350 5273 ¹⁸¹
369 5241 500 5292 Renust.
554 5248 620 5308 quot
632 5245 658 5292 2.
717 5239 750 5274 ²⁹¹
767 5241 926 5307 spatiumi.
979 5237 1012 5273 ²⁸⁴
1031 5238 1140 5307 Odrys.]
1158 5240 1302 5291 musicus.
1355 5237 1389 5271 ”⁸
1405 5237 1507 5291 Persas
1522 5244 1551 5294 2.

250 5325 457 5392 ”cadentia
505 5325 702 5378 ³⁰⁸Viribn32.
748 5324 782 5360 ³¹⁸
793 5342 883 5392 neque
896 5326 1016 5393 raptoris
1028 5341 1125 5376 vecors
1139 5324 1254 5391 [voecors
1268 5322 1304 5390 3.]
1320 5328 1393 5375 s...l.
1440 5323 1551 5378 ⁸¹⁵1*st-

250 5412 392 5463 derichum
406 5416 431 5462 3.
438 5415 465 5463 i.
516 5411 550 5445 ⁸¹¹
569 5414 608 5476 Cf.
627 5414 737 5464 Hostem*
753 5415 835 5477 epipr.
854 5413 886 5461 In
899 5412 1037 5477 picturam
1050 5411 1084 5461 de
1098 5410 1218 5461 Caesare.
1231 5412 1346 5477 „Nuper
1357 5411 1552 5478 retrogntlol’

250 5503 276 5547 el
293 5500 459 5562 sapraHult.
478 5515 555 5551 carm.
568 5497 663 5550 asmo.
716 5496 750 5531 ³²²
767 5496 890 5547 lacrimis
903 5500 929 5547 5.
982 5495 1065 5546 litera
1079 5496 1149 5546 3.ss
1193 5550 1197 5559 Ι
