3625 7050
335 1198 408 1270 462
444 1211 630 1262 ADDENDA.
651 1205 776 1261 CLXV*.
791 1224 945 1261 nsvcuurm
958 1225 995 1260 uu
1006 1208 1260 1268 orusrsnusuurvu
1274 1228 1317 1262 se.
1331 1220 1400 1263 mit.
1410 1228 1471 1265 um.
1488 1223 1552 1264 ¹52⁰.

334 1389 393 1444 lore
415 1381 503 1462 possit
526 1384 730 1442 commaculare.
768 1385 844 1441 uolui
867 1385 937 1440 enim
960 1383 1077 1458 capitula
1093 1385 1167 1458 pacis
1183 1395 1336 1460 acceptare.
1361 1387 1413 1443 nisi
1429 1388 1522 1443 omnia
1539 1388 1630 1443 Romu

335 1473 432 1530 lierent
455 1482 502 1527 tuo
526 1480 552 1526 ot
575 1470 791 1526 reverendissimi
812 1470 912 1524 domiui
936 1469 1084 1524 cardinalis
1108 1471 1195 1525 nostri
1218 1472 1324 1543 nigidii
1346 1472 1380 1526 ile
1402 1471 1527 1528 viterbio
1551 1475 1633 1527 «luctu

335 1567 362 1614 et
389 1557 518 1615 consilio.
551 1557 577 1610 in
606 1573 676 1627 quos
704 1554 824 1615 consulo,
855 1563 882 1609 et
911 1572 995 1609 meam
1026 1554 1103 1609 sulum
1132 1555 1158 1608 in
1188 1563 1303 1611 uestram
1332 1556 1488 1613 fidelitatem
1516 1557 1631 1612 eolloeo.

336 1642 406 1698 Vale.
451 1639 598 1714 Anglopoli
621 1640 690 1712 apud
714 1640 794 1695 Boios
816 1647 931 1712 propter
952 1647 1066 1712 pestem.
1090 1638 1118 1692 V.
1142 1638 1180 1692 ll).
1203 1640 1293 1694 Maias.
1316 1643 1365 1695 An.
1389 1642 1507 1696 Mltxx.

1030 1723 1067 1778 lo.
1091 1724 1221 1779 Reuolrlin
1243 1722 1389 1791 leroeiis.
1413 1727 1463 1780 LL.
1486 1727 1547 1782 «loe.
1639 1734 1651 1769 ὁ

401 1907 412 1940 ²
431 1909 545 1958 Viterbo
557 1908 583 1954 2.
613 1904 747 1968 Aegidirrs
765 1904 949 1955 viterbiensis
968 1894 1090 1954 ordinem
1110 1905 1225 1954 fratrum
1244 1907 1429 1957 Eremiturum
1448 1924 1471 1957 s.
1484 1907 1629 1972 Augustini

335 2011 352 2044 a
370 2009 455 2058 puero
473 1993 614 2056 ingressus
633 1989 755 2039 eiusdem
774 1989 914 2057 generalis
938 1989 1031 2039 factus
1053 1989 1103 2038 sub
1122 1989 1194 2038 lulio
1212 1991 1266 2040 ΡΡ.
1285 1991 1321 2040 II.
1342 1992 1414 2041 iuter
1433 1993 1524 2041 XXXI
1544 1994 1627 2042 eordi-

334 2078 413 2128 nales
438 2078 490 2126 fuit
513 2075 625 2140 quosd.
644 2074 738 2125 1.1ul.
758 2092 783 2123 a.
805 2073 876 2123 1517.
897 2075 955 2123 Leo
968 2075 1001 2122 X.
1027 2075 1142 2123 creavit.
1162 2073 1339 2124 doctissimus
1364 2081 1392 2124 et
1410 2075 1629 2125 litteratissimus

335 2162 487 2227 Capnionis
501 2161 593 2210 fautor
605 2161 624 2222 †
636 2161 810 2223 sexagesimo
823 2165 869 2208 aet.
884 2176 909 2208 a.
923 2160 1017 2208 Romae
1036 2159 1061 2206 d.
1078 2157 1117 2207 1⁶2.
1131 2159 1199 2209 Nor.
1214 2175 1239 2211 a.
1257 2158 1330 2208 1532.
1356 2158 1400 2208 Cf.
1415 2158 1550 2210 Ciaceou.
1565 2161 1626 2209 Vin.

335 2246 452 2297 Pontia:
461 2246 512 2295 111.
526 2263 552 2311 p.
566 2244 625 2294 395.
635 2261 698 2309 sqq.
