3625 7050
281 1206 391 1256 CLXII.
406 1220 509 1256 noenu.
523 1218 560 1254 an
578 1219 691 1254 annexu.
705 1220 747 1253 nr.
768 1203 893 1252 CLXIII.
902 1219 1042 1254 senonem
1055 1221 1092 1255 an
1105 1221 1217 1256 osuven
1231 1225 1272 1256 sn.
1288 1225 1313 1257 o.
1328 1225 1387 1258 arar.
1402 1218 1460 1259 totu.
1498 1196 1571 1268 343

277 1379 466 1436 dedolatorius
491 1395 575 1452 opera
597 1386 691 1433 nostra
713 1377 855 1432 nobiscum
879 1377 1065 1451 imprimatur:
1098 1378 1184 1435 inadto
1205 1381 1275 1436 enim
1299 1381 1409 1437 maioris
1428 1385 1498 1457 apud
1520 1402 1572 1440 nos

276 1465 487 1521 existimationis
502 1471 545 1518 est
563 1479 609 1517 rea
625 1462 677 1517 iste
697 1462 883 1523 denariorum,
909 1481 988 1536 quam
1011 1464 1081 1537 apud
1103 1482 1151 1519 vos
1172 1460 1231 1520 luit.
1268 1483 1356 1540 nuper
1376 1476 1478 1531 eaorta¹
1492 1469 1570 1531 lama,

276 1549 353 1624 quod
372 1550 477 1604 damon
502 1547 543 1602 bis
566 1556 680 1603 conatus
705 1547 802 1602 luisset
823 1563 884 1601 eum
905 1545 1046 1602 abducere.
1091 1549 1174 1622 proli,
1198 1568 1280 1623 quam
1303 1568 1376 1622 agre
1402 1551 1464 1607 tulit
1487 1570 1571 1626 quan·

276 1644 392 1708 tumque
414 1632 553 1707 pollicitus
574 1633 638 1692 luit,
667 1639 696 1687 ut
719 1631 777 1686 eius
799 1631 876 1686 latine
899 1641 994 1687 auctor
1016 1632 1067 1686 sibi
1091 1633 1263 1690 indicaretur.
1308 1635 1417 1691 llutteni
1438 1635 1492 1709 lega]
1515 1636 1571 1693 dia·

243 1719 368 1791 5logos.
414 1718 515 1773 utinam
546 1725 600 1771 tam
632 1715 747 1772 leliciter
776 1734 855 1788 quam
884 1717 1012 1772 audacter
1034 1717 1061 1771 iu
1081 1736 1144 1784 ‘euni
1167 1719 1279 1775 scribat!
1313 1719 1375 1775 Fuit
1392 1737 1480 1794 nuper
1499 1722 1572 1794 capi·

273 1803 337 1859 tulo
361 1803 387 1857 S,
409 1801 529 1858 llauricii
557 1800 697 1856 nobiscum
727 1817 788 1856 cum
818 1801 870 1856 boe
899 1819 965 1873 rege
992 1801 1084 1858 Romae
1107 1802 1255 1875 negotium.
1300 1805 1364 1877 quid
1383 1804 1485 1860 multa?
1519 1806 1571 1861 etsi

273 1887 426 1962 capitulum
455 1886 521 1941 nihil
543 1885 606 1959 plus
630 1893 738 1959 optaret
760 1894 841 1959 atque
861 1895 1031 1959 expectaret,
1061 1905 1141 1961 quarn
1164 1896 1194 1942 ut
1215 1906 1259 1944 res
1279 1889 1321 1944 via
1343 1889 1410 1944 iuris
1432 1884 1571 1963 expedire·

273 1981 337 2035 tur,
366 1970 543 2027 nihilominus
566 1988 636 2044 papa
659 1970 805 2031 mandavit,
829 1977 859 2024 ut
882 1970 988 2026 etiarnsi
1011 1971 1180 2027 adversarius
1202 1972 1313 2047 capituli
1337 1974 1403 2029 lalse
1423 1982 1569 2037 narrasset,

273 2074 390 2130 compos
411 2064 501 2111 tamen
522 2055 576 2111 voti
598 2054 689 2116 fieret,
713 2055 938 2127 quemadmodum
962 2073 1070 2129 quoque
1091 2065 1180 2113 actum
1202 2065 1253 2112 est.
1287 2057 1366 2113 alliud
1389 2076 1497 2132 quoque
1520 2058 1570 2114 tibi

225 2145 333 2197 ¹⁰non
356 2158 468 2215 possum
490 2158 545 2196 non
565 2138 698 2195 scribere:
728 2157 810 2212 quum
833 2138 1045 2195 deliberaremus
1070 2141 1103 2196 de
1125 2141 1254 2215 episcopo
1276 2141 1417 2215 eligendo.
1442 2152 1523 2216 atque
1546 2143 1570 2198 is

273 2226 309 2281 de
332 2244 387 2299 quo
407 2224 558 2298 loquimur,
586 2222 701 2279 ambiret
724 2223 879 2297 complures
901 2242 934 2278 ea
955 2224 1156 2281 contribulibus
1178 2226 1259 2289 uteie,
1293 2235 1323 2282 ut
1344 2244 1404 2282 eum
1428 2227 1475 2300 qui
1498 2245 1570 2282 nune

274 2319 319 2366 est
341 2310 487 2384 episeopus
509 2300 597 2365 nobis'
610 2307 774 2382 praeficeret,
797 2308 864 2363 dixit
885 2295 973 2382 palam
998 2309 1034 2362 ‘Si
1058 2310 1146 2365 artinas
1172 2309 1228 2364 sieri
1250 2319 1342 2385 potest
1364 2320 1453 2367 restra
1474 2310 1569 2367 voluu-

273 2404 348 2456 tate,
372 2394 449 2449 robis
470 2394 552 2450 etiarn
574 2393 666 2449 invitis
688 2409 748 2449 eum
767 2410 925 2466 episcopum
948 2393 1059 2449 faciam:
1079 2412 1140 2450 naui
1162 2404 1189 2450 et
1206 2413 1302 2469 papam
1324 2403 1351 2450 et
1369 2395 1518 2457 Caesarem',
1539 2404 1570 2451 ut

273 2479 365 2534 serbis
380 2478 439 2534 eius
454 2487 526 2540 utar,
549 2478 585 2533 ‘in
600 2477 738 2550 marsupio
753 2477 879 2533 detentos
897 2476 1000 2532 habeo'.
1045 2477 1188 2534 Careamus
1203 2479 1293 2553 itaque
1308 2479 1376 2535 bane
1398 2479 1569 2536 insolentiam

225 2568 307 2620 ¹⁵ac
322 2581 384 2619 eum
407 2562 509 2636 ingenii
531 2560 642 2619 llutteni
664 2560 794 2623 lasciviae,
816 2571 845 2617 ut
863 2561 990 2617 Erasnms
1008 2562 1140 2636 appellat,
1157 2564 1370 2626 coraamittamus;
1386 2564 1478 2619 barsan
1495 2574 1568 2620 uter·

273 2666 329 2723 que
351 2666 430 2703 suurn
449 2648 568 2705 oll'endet
587 2647 720 2704 ultorem:
750 2646 848 2701 ncnaiui
867 2646 968 2720 parcit,
992 2655 1021 2701 ut
1037 2648 1124 2709 nosti,
1144 2648 1292 2710 Huttenus,
1314 2649 1427 2703 meritus
1443 2656 1474 2703 ut
1488 2666 1567 2704 neum

274 2750 385 2807 quoque
407 2731 458 2788 sibi
481 2741 582 2806 parcat.
615 2731 683 2799 Quid
707 2748 770 2786 vero
793 2729 938 2786 latrunculi
962 2731 989 2786 in
1009 2739 1134 2804 potentes
1156 2732 1332 2806 insignesque
1353 2733 1421 2788 istos
1436 2732 1565 2794 latrones,

273 2835 323 2874 seu
354 2816 483 2873 malueris
511 2816 646 2891 appellare
676 2833 855 2889 oppressores
884 2824 1079 2889 exactoresque
1107 2817 1227 2890 possint,
1263 2827 1342 2873 tuum
1363 2817 1399 2873 sit
1430 2815 1567 2873 iudicium.

274 2901 383 2958 llemini
405 2910 432 2956 te
452 2902 517 2956 milii
536 2900 678 2975 scripsisse
691 2899 742 2955 alia
763 2900 803 2954 ria
826 2918 905 2973 quam
928 2918 978 2973 per
999 2900 1142 2958 latrocinia
1164 2901 1232 2958 bane
1247 2901 1430 2958 calamitosam
1451 2901 1568 2958 exactio·

225 2990 336 3043 2*tuem
359 2986 481 3059 extingui
505 3003 602 3060 posse;
621 2984 668 3042 sed
688 2985 749 3058 quis
772 2985 852 3041 etiam
872 2984 1044 3041 mediocriter
1066 2991 1194 3059 expertus
1215 3003 1270 3041 non
1292 2987 1363 3042 videt
1384 2987 1474 3042 omnia
1497 2985 1568 3060 apud

272 3088 325 3127 uos
347 3071 451 3126 venalia
473 3072 551 3127 esse?
573 3111 858 3125 ..........
862 3129 864 3132 Α
881 3111 887 3123 .
904 3089 906 3092 ⁴
914 3112 1039 3125 .....
1075 3069 1137 3126 Vale
1155 3071 1183 3125 in
1200 3071 1317 3128 Glaristo.
1334 3073 1473 3144 Augustae.
1487 3070 1569 3126 tertia

271 3155 342 3211 llaii.
363 3157 443 3212 Anno
465 3154 561 3213 salutis
585 3162 660 3216 1520.

288 3519 402 3555 narsae„
834 3484 1010 3561 CLXHI.
1173 3503 1306 3571 [inarare
1320 3521 1348 3555 n.
1361 3520 1429 3555 uuo
1439 3519 1466 3557 a.
1479 3503 1548 3571 tatu]

410 3676 487 3716 vrso
510 3675 712 3718 saverrione
735 3678 877 3718 enarres
900 3678 941 3718 ac
964 3678 1050 3719 virm
1074 3678 1297 3719 sauerruoma
1321 3678 1425 3720 cuano

225 3767 262 3811 rs
645 3816 654 3832 .
722 3761 756 3809 D.
775 3759 938 3809 NICOLAO
956 3760 1111 3808 DEMVDT

272 3845 427 3888 cononem
451 3843 681 3886 eanomcoravu
709 3847 788 3888 uovr
818 3846 934 3887 ononis
958 3846 1044 3886 aevo
1066 3847 1188 3886 naemu
1211 3846 1417 3892 nennoerro.
1449 3849 1489 3887 nr
1513 3847 1567 3887 an·

327 3930 536 3972 carniacono
560 3930 837 3972 nnvnnnuniesaui
862 3930 1059 3971 canninnurs
1083 3930 1284 3971 uaovnelaer
1307 3931 1326 3970 a
1350 3930 1512 3972 consinus

560 3996 724 4072 rimmcvs'
741 4015 893 4073 sraouan
916 4016 1122 4073 avanacmvs
1143 4014 1280 4071 amnicus

863 4116 888 4157 S.
906 4117 933 4156 Ρ.
950 4117 981 4156 D.

225 4261 262 4301 ς.)
358 4236 387 4291 lu
405 4235 532 4292 nundinis
554 4235 729 4309 Lipsensibus
753 4236 898 4309 proximis,
919 4234 1098 4292 disertissime
1126 4235 1250 4308 idemque
1275 4234 1473 4309 sapientissime
1498 4254 1567 4311 pree·

271 4321 378 4396 posite,
405 4319 553 4393 pollicebar
574 4319 621 4375 tibi
643 4319 763 4376 literaria
783 4321 953 4377 eruditorum
973 4320 1112 4376 bominum
1135 4329 1323 4382 monumenta,
1350 4321 1444 4394 siqua
1464 4322 1567 4378 adnos

270 4408 498 4481 adportarentur,
520 4422 562 4460 me
583 4405 737 4461 missurum.
783 4405 835 4461 Sed
857 4405 988 4466 hactenus
1010 4414 1112 4479 praeter
1134 4424 1179 4466 ca,
1204 4409 1264 4479 quae
1281 4406 1379 4480 partim
1398 4406 1457 4480 ipsc
1474 4425 1566 4463 coram

271 4489 376 4551 emisti,
402 4489 500 4563 partina
523 4506 596 4545 ame
619 4490 701 4544 missa
723 4507 878 4563 acceperas,
908 4489 982 4546 nulla
1008 4498 1072 4546 sunt
1091 4491 1208 4546 advecta.
1253 4489 1340 4546 llabes
1362 4500 1452 4547 autem
1472 4492 1566 4548 docto·

271 4593 330 4631 rurn
353 4573 584 4647 eloquentissimi,
612 4590 643 4629 ae
662 4573 848 4647 eloquentium
873 4574 1023 4630 doctissimi
1052 4574 1154 4630 Erasini
1178 4575 1265 4631 doctae
1291 4572 1400 4648 pietatis
1429 4584 1566 4631 restaura·

225 4660 356 4725 esteris.
387 4666 415 4713 et
441 4657 541 4727 lllrichi
571 4658 683 4713 llutteni
709 4659 810 4731 equitis
836 4660 962 4715 acerrimi
988 4659 1153 4715 Germanicae
1179 4658 1313 4714 libertatis
1342 4660 1565 4732 propugnatoris,

270 4762 354 4800 noras
375 4742 587 4799 lucubrationes.
632 4742 737 4798 Pariter
764 4752 792 4798 et
822 4761 882 4816 (ptiar
911 4743 1054 4799 ediderunt
1080 4760 1176 4799 reeens
1203 4741 1349 4799 Bilibaldus
1368 4742 1565 4805 Pirokemerns,

270 4827 410 4884 Fabricius
429 4828 538 4901 Capito,
567 4844 598 4883 ae
614 4826 756 4901 Philippus
778 4827 982 4889 lllelauclithon,
1013 4826 1195 4901 praecellentis
1226 4835 1281 4882 turn
1303 4826 1477 4888 eruditionis,
1506 4836 1562 4882 tum

270 5009 398 5061 CLXIII·
416 5008 516 5072 &ratiti
534 5002 680 5073 Strazltuttl
697 5006 822 5073 &urbemi
839 5008 936 5073 lllttiti
954 5005 1066 5072 Srvlmo
1084 5008 1281 5074 panegyricus,
1300 5007 1385 5057 Petro
1402 5004 1563 5069 Mosellam,

270 5109 322 5159 quo
338 5092 343 5158 Ι
358 5093 403 5142 die
416 5089 557 5158 Liprenfis
569 5092 727 5143 Academiae
745 5092 847 5143 Rector
862 5090 866 5156 Ι
882 5093 1068 5157 proclamatus
1087 5089 1139 5153 eit,
1160 5092 1260 5142 dietus.
1297 5091 1348 5140 Cui
1368 5089 1372 5155 Ι
1393 5092 1505 5141 adiecta
1524 5090 1565 5141 eit

269 5180 360 5229 oratio
378 5177 457 5227 Petri
473 5176 477 5239 Ι
491 5175 705 5239 Mosellani‚·de
725 5175 913 5240 Condenrdirr,
933 5174 1044 5242 plertim
1066 5174 1070 5240 Ι
1091 5176 1120 5225 in
1138 5174 1238 5227 scholis
1254 5174 1258 5240 Ι
1274 5172 1414 5240 publi=leie
1430 5174 1434 5239 Ι
1449 5176 1562 5238 tuende,

441 5276 496 5325 qua
506 5260 645 5310 etromeri
660 5258 664 5324 Ι
680 5261 861 5326 gratulationi
880 5259 1010 5326 respodit.
1025 5258 1030 5324 Ι
1050 5260 1097 5323 (12
1107 5262 1163 5323 solt.
1177 5264 1202 5309 a'n
1216 5260 1275 5309 ebs.
1289 5263 1305 5308 t.
1318 5265 1344 5307 et
1356 5258 1394 5321 α.)

333 5429 347 5463 ¹
359 5446 409 5481 rex
421 5427 527 5494 denen]
541 5431 576 5493 ef.
590 5446 630 5493 ep.
645 5431 671 5482 d.
686 5431 803 5494 10.Apr.
818 5446 843 5480 a.
859 5393 937 5479 ld20.
951 5433 1085 5493 scriptam,
1102 5447 1131 5494 p.
1145 5427 1203 5478 336.
1216 5445 1239 5477 υ.
1252 5427 1277 5477 3.
1347 5425 1382 5459 *⁵
1400 5424 1513 5493 dialog]
1528 5427 1562 5489 cs.

268 5532 309 5581 ep.
323 5518 351 5566 d.
367 5516 394 5564 5.
408 5516 477 5578 Apr.
494 5516 573 5564 1520.
586 5516 715 5580 scriptam.
768 5512 790 5546 ¹⁵
806 5512 924 5579 Erotem]
937 5530 1018 5578 supra
1031 5531 1060 5579 p.
1074 5512 1132 5565 305.
1146 5531 1168 5563 o.
1182 5512 1222 5563 35.
