3625 7050
321 1176 394 1253 284
470 1189 577 1246 CXXX.
597 1207 699 1248 ronnas
714 1209 776 1246 sor.
790 1208 826 1248 an
840 1209 923 1247 serr.
938 1209 973 1247 or
987 1210 1082 1248 raons
1096 1211 1171 1248 nono
1184 1212 1228 1249 rr.
1242 1212 1269 1251 n.
1282 1204 1318 1250 2³.
1332 1216 1390 1250 svs.
1406 1204 1465 1251 isto.

210 1358 215 1371 '
316 1367 403 1427 redit.
450 1365 595 1441 Quicquid
614 1365 757 1440 dipnitate
779 1368 871 1441 nolet,
894 1369 1038 1442 quicquid
1054 1369 1140 1444 apud
1160 1373 1372 1446 amplissimum
1390 1386 1490 1446 rebem
1510 1372 1606 1445 aratia

249 1471 420 1543 §.os-potia,
448 1469 481 1528 id
505 1484 590 1528 omne
617 1470 758 1527 iuuandoe
786 1469 975 1553 reipublice,
1002 1472 1141 1531 iurandis
1162 1475 1266 1532 amicis
1292 1474 1445 1547 impendit.
1489 1473 1609 1550 Semper

316 1571 434 1647 quidem
456 1569 559 1642 adfuit
579 1573 696 1629 animus
716 1572 754 1629 de
774 1573 887 1630 cunctis
908 1538 1138 1634 aethaereum
1158 1575 1369 1650 cupidissimus
1384 1578 1518 1650 mireque
1536 1592 1609 1651 pro-

317 1690 372 1732 nus
394 1672 438 1730 ad
459 1673 712 1740 misericordiam:
739 1689 805 1732 eam
828 1691 909 1733 nunc
933 1678 1029 1748 mapis
1056 1678 1170 1748 exerit,
1193 1676 1314 1751 quondo
1332 1683 1427 1752 potest
1443 1680 1517 1752 plns
1531 1693 1609 1751 pro-

286 1806 292 1817 ·
316 1775 416 1834 desse:
440 1776 514 1834 alios
532 1777 662 1850 pecunia
683 1775 828 1847 subleuat,
855 1778 931 1847 alios
952 1781 1110 1837 autoritate
1131 1785 1244 1849 tuetur,
1263 1781 1337 1848 alios
1358 1780 1628 1839 commendationes
1698 1803 1735 1843 .-

313 1877 466 1951 provebit·
497 1892 569 1950 atros
591 1880 704 1951 alioqui
723 1880 828 1936 iuuare
854 1895 913 1938 non
936 1885 1047 1953 potest,
1076 1879 1122 1938 bis
1146 1882 1269 1940 consilio
1296 1883 1466 1949 succurrit,·
1497 1882 1608 1939 nullum

315 1995 446 2053 unquam
468 1994 487 2035 a
509 1996 540 2037 se
562 1957 680 2038 tristem⁸
695 1979 820 2038 dimisit:
850 1981 966 2040 diceres
987 1980 1104 2039 Morum
1130 1999 1193 2041 esse
1217 1981 1369 2056 publicum
1400 1984 1531 2041 omnium
1560 1984 1608 2038 in-

314 2097 402 2167 opum
427 2086 608 2159 patronum·
642 2064 746 2153 inpens
770 2082 885 2139 lucrmn
900 2082 970 2140 -sibi
993 2089 1081 2155 putat
1108 2086 1282 2154 accessisse,
1313 2085 1427 2159 siquem
1459 2099 1608 2158 opressum

314 2182 489 2253 subleaaait,
518 2184 545 2239 si
565 2185 745 2256 perplexum
772 2190 800 2241 et
826 2184 998 2256 impeditum
1025 2187 1183 2258 explicuit,
1211 2187 1240 2243 si
1258 2187 1422 2244 atiniarum
1440 2186 1561 2259 redcpit
1579 2187 1608 2241 in

247 2287 456 2356 anspradum.
492 2299 575 2342 nemo
593 2285 738 2344 lubentius
758 2286 884 2344 collocat
905 2284 1091 2357 beneficium,
1112 2302 1196 2345 nemo
1217 2289 1314 2344 minus
1330 2285 1507 2360 exprobrat.
1542 2283 1605 2342 Iam
1618 2301 1631 2340 ι·
1660 2304 1704 2344 ι
1726 2306 1741 2347 n

315 2402 382 2446 cum
409 2392 449 2445 tot
476 2386 639 2444 nominibus
665 2388 704 2443 sit
731 2385 925 2458 felicissimus
956 2393 985 2445 et
1012 2386 1168 2459 felicitatis
1199 2404 1294 2447 comes
1323 2386 1394 2459 fere
1424 2390 1520 2447 soleat
1549 2403 1609 2446 esse

315 2490 474 2559 iactantia,
505 2489 617 2546 nullum
647 2487 748 2545 adbuc
775 2490 944 2545 mortalium
967 2489 1040 2547 milri
1065 2489 1166 2547 nidere
1193 2492 1315 2563 contipit
1338 2492 1392 2563 qui
1415 2491 1533 2562 lanatus
1553 2488 1608 2546 ab·

247 2595 389 2648 §.inesset
410 2590 448 2648 ab
469 2591 524 2648 boc
543 2591 620 2648 vilio.
663 2587 725 2647 Sed
749 2589 793 2646 ad
818 2590 983 2648 studiorum
1010 2594 1311 2650 commemorationem
1336 2590 1442 2663 redeo,
1470 2606 1539 2665 quoe
1565 2606 1608 2649 me

314 2691 401 2751 Moro
422 2692 551 2765 midique
570 2689 688 2749 Morum
712 2693 894 2765 potissimam
923 2694 1130 2750 conciliarant.
1175 2693 1307 2750 Primam
1336 2697 1453 2750 oetatcm
1477 2693 1608 2751 carmine

308 2797 493 2870 potissimam
511 2796 660 2863 exerescit,
689 2808 758 2850 mou
781 2793 833 2850 diu
853 2794 981 2851 luctatus
1004 2798 1061 2863 est,
1090 2799 1122 2851 ut
1137 2787 1261 2868 prosam
1287 2796 1450 2853 orationem
1471 2793 1627 2852 redderet:
1710 2804 1739 2851 's

313 2897 489 2964 molliorem,
514 2910 574 2968 per
603 2909 688 2952 omne
715 2896 821 2967 scrr'pti
843 2911 939 2966 penus
963 2896 1061 2952 stilrrm
1091 2912 1255 2962 enercens:
1290 2898 1344 2969 qui
1370 2895 1539 2954 ctdrcsmodi
1562 2898 1606 2963 sit,
1707 2948 1709 2955 .

313 2997 387 3072 quid
412 2993 515 3055 a'ttinet
538 3010 781 3066 commemorare,
811 2995 864 3064 tibi
888 2997 1057 3071 prasertim
1083 2998 1136 3069 qui
1154 2997 1244 3055 libros
1271 3000 1335 3056 eius
1360 3012 1479 3072 semper
1499 2995 1607 3054 babeas
1690 3016 1709 3049 -.

246 3102 346 3158 §.inin
367 3093 525 3157 monibus?
555 3096 825 3155 declamationibus
840 3100 997 3172 prace'pue
1018 3098 1180 3157 delectatus
1201 3104 1258 3170 est,
1286 3106 1315 3157 ct
1342 3101 1373 3156 in
1402 3098 1449 3156 bis
1477 3098 1606 3156 materiis
1678 3116 1706 3153 τ

313 3202 435 3271 adonis,
462 3200 542 3275 quod
566 3201 596 3257 in
625 3199 671 3257 bis
698 3200 800 3258 acrior
828 3201 867 3257 sit
890 3201 1078 3271 inaeniorum
1104 3202 1288 3260 exercitatio.
1331 3200 1412 3259 unde
1437 3200 1606 3258 adolescens
1662 3217 1704 3257 π

312 3305 471 3362 etiamnum
493 3301 644 3373 dialopum
666 3300 855 3372 moliebatur,
881 3303 911 3359 in
934 3317 991 3373 otro
1013 3301 1145 3360 Platonis
1163 3305 1398 3361 communitatem
1426 3302 1472 3360 ad
1499 3316 1605 3361 uxores
1646 3317 1729 3360 zm

313 3421 404 3480 usque
432 3403 577 3475 defendit.
619 3403 748 3463 Luciani
776 3401 988 3476 lbrarmicidee
1015 3404 1184 3477 respondit,
1216 3418 1273 3476 ono
1301 3405 1333 3461 in
1356 3409 1533 3476 arpumento
1563 3418 1701 3461 ιιι-ε

291 3508 402 3567 ·ooluit
427 3507 645 3578 antaponistom
674 3504 798 3575 babere,
828 3520 885 3577 quo
906 3506 1016 3563 certius
1040 3507 1208 3580 periculum
1234 3503 1354 3577 faceret
1373 3505 1483 3579 ecqrdd
1496 3502 1698 3580 profe-—

311 3612 398 3669 cisset
418 3611 448 3667 ia
467 3609 523 3667 boc
541 3623 660 3680 penerc.
701 3605 836 3680 Utopiam
858 3606 914 3664 boc
935 3609 1057 3667 consilio
1079 3607 1187 3678 edidit,
1210 3614 1242 3665 ut
1262 3606 1411 3667 indicaret
1432 3607 1539 3681 quibus
1553 3623 1696 3665 re—

311 3712 364 3770 bus
378 3713 435 3783 fiat
455 3717 487 3768 ut
507 3711 604 3786 minus
630 3709 779 3782 commode
801 3709 931 3769 babeant
950 3709 1128 3782 respublicae
1135 3730 1147 3776 ,·
1178 3709 1233 3767 sed
1252 3708 1466 3767 Britannicam
1485 3709 1695 3783 potissi—-

311 3828 389 3871 mum
416 3810 551 3883 effinxit,
583 3826 672 3885 quam
705 3810 794 3869 babet
821 3813 940 3884 penitus
970 3820 1158 3884 perspectam
1187 3811 1408 3883 copnitamque:
1444 3810 1719 3869 secundat-:ts

312 3914 418 3973 librum
435 3916 524 3987 prius
543 3915 708 3987 scripserat
720 3928 778 3985 per
795 3915 905 3983 ocium,
929 3927 999 3970 moe
1015 3929 1073 3986 per
1088 3913 1272 3970 occasionem
1290 3912 1423 3983 primum
1443 3911 1555 3970 adiecit
1567 3921 1692 3968 em

244 4022 458 4090 §.satrapae-
490 4022 578 4089 atque
600 4014 669 4072 biae
689 4015 833 4071 nonnulla
862 4013 998 4071 dictionis
1025 4015 1225 4086 inmortalitas.
1278 4013 1336 4070 l'in
1357 4015 1452 4071 alium
1472 4013 1690 4087 repetita-t

310 4120 363 4190 qai
385 4117 508 4190 felicius
529 4117 611 4174 dicat
630 4132 670 4174 ee
693 4121 837 4188 tempore,
867 4114 944 4172 adeo
969 4113 1058 4185 felici
1083 4116 1201 4187 inpenio
1219 4112 1301 4185 felia
1321 4117 1426 4187 linpua
1446 4115 1607 4180 subservit,
1679 4127 1689 4174 ,·

285 4241 292 4253 ·
310 4220 462 4291 incenium
482 4234 618 4291 prasens
640 4224 669 4275 ct
690 4216 796 4290 ubique
812 4219 983 4289 prceaolons
1008 4218 1150 4274 memoria
1170 4222 1300 4289 parata,
1328 4232 1396 4289 quoe
1417 4233 1486 4274 cnm
1507 4219 1687 4275 omnic!

310 4320 418 4377 babeat
438 4321 517 4377 uelut
537 4320 567 4375 in
589 4324 757 4389 numerato,
783 4325 919 4390 prompte
936 4322 965 4375 et
984 4320 1191 4376 incunctanter
1210 4318 1345 4390 sapuerit
1364 4319 1510 4391 quiequid
1528 4326 1713 4376 tcm--tt

306 4436 365 4496 pus
387 4427 440 4478 aut
460 4436 509 4478 res
527 4421 675 4493 postulat,·
706 4421 736 4478 in
759 4419 1006 4493 disputationibus
1028 4419 1104 4476 nibil
1118 4421 1196 4492 finpi
1211 4424 1309 4492 potest
1325 4421 1457 4492 acutius,
1479 4421 1556 4479 adeo
1574 4419 1688 4478 tati

309 4523 429 4581 summis
445 4524 533 4581 etiam
554 4522 692 4594 tbcolopis
707 4538 787 4596 sape
812 4523 965 4593 nepociurn
984 4519 1121 4592 facessat
1142 4522 1173 4595 in
1195 4523 1326 4595 ipsorum
1348 4537 1446 4579 arena
1468 4537 1587 4580 tersans
1610 4530 1686 4570 τε

308 4624 438 4683 Ioannes
454 4623 581 4694 Coletus,
602 4625 648 4681 air
666 4626 749 4682 ocris
770 4624 927 4696 exactione
948 4622 1065 4694 iudicii,
1084 4623 1114 4680 in
1133 4621 1340 4694 familiaribus
1360 4624 1515 4696 colloquiis
1531 4623 1629 4681 sab*
1645 4635 1687 4657 ⁴·

308 4727 379 4785 inde
400 4727 500 4785 dicere
521 4728 594 4785 solet
610 4725 781 4783 Britannico
802 4740 861 4782 non
883 4725 943 4781 nisi
962 4724 1083 4781 urticam
1102 4739 1165 4781 esse
1186 4725 1353 4796 inpertiam,
1375 4740 1444 4783 cnm
1466 4724 1533 4784 brec
1552 4728 1593 4782 in·
1644 4739 1686 4770 :-

241 4848 298 4898 css.
310 4830 377 4888 sula
399 4834 438 4887 tot
458 4830 585 4900 careatis
606 4829 732 4899 inpeniis
748 4828 865 4899 floreat.
917 4826 1003 4884 Verte
1019 4826 1140 4898 pietatis
1161 4841 1220 4883 non
1247 4825 1408 4897 indilipens
1434 4830 1532 4885 cultor
1551 4842 1581 4884 es
1593 4823 1712 4884 ‘³1³⁵

307 4932 425 4990 etiamsi
442 4928 480 4988 ab
501 4931 582 4988 omni
604 4929 811 5003 superstitione
832 4928 1047 5006 alienissimae
1079 4925 1168 4984 babet
1191 4942 1263 4984 suas
1286 4926 1394 5003 boras,
1423 4927 1529 5000 quibua
1548 4927 1684 4985 ἀει

307 5034 370 5090 litet
387 5032 541 5105 precibus,
565 5047 623 5089 non
645 5046 685 5088 ea
706 5045 787 5088 more
808 5029 862 5087 scd
878 5046 895 5087 c
910 5034 1030 5101 pectore
1052 5028 1242 5101 depromptis.
1279 5043 1345 5085 cum
1363 5029 1468 5087 antica
1485 5032 1529 5088 sic
1543 5027 1680 5100 ffl-

375 5182 386 5214 θ
410 5183 454 5232 his
478 5199 525 5232 om.
542 5185 566 5232 t.
636 5180 647 5212 ⁷
670 5180 781 5229 (iomisit
799 5183 823 5228 7.
899 5175 919 5209 ¹¹
945 5178 993 5226 iol.
1012 5175 1092 5242 com.]
1111 5177 1242 5227 Mariand.
1261 5193 1305 5243 ap.
1325 5177 1401 5232 stob.
1420 5178 1501 5229 floril.
1519 5178 1664 5241 Μετ’-ἂ

303 5256 507 5333 ’Τπερήφανόν
523 5282 580 5317 που
597 5253 716 5331 γίγνεθ’
731 5254 750 5329 ἡ
768 5261 835 5314 λίαν
853 5254 958 5327 τρυφή.
977 5262 1035 5312 urb.
1107 5259 1127 5293 ¹⁹
1146 5260 1235 5328 adom]
1254 5263 1375 5313 infamer
1392 5264 1525 5314 materias
1541 5265 1658 5313 si-ve

309 5352 369 5414 quis
387 5351 480 5402 dicere
500 5351 604 5401 nravult
622 5348 817 5415 inopinabiles.
838 5345 1116 5397 ct.t}e11.xvl1.12.
1137 5344 1253 5410 („oicuti
1272 5362 1332 5397 cum
1350 5347 1488 5415 Thersite
1506 5348 1582 5398 laud.
1596 5356 1646 5390 σε

308 5435 437 5499 quaesivit
454 5440 482 5485 et
501 5451 562 5485 oum
581 5435 680 5484 tebrim
698 5433 802 5498 quartis
826 5432 923 5481 diebus
947 5436 1135 5480 recurrentem
1153 5430 1292 5493 laudavit,
1317 5430 1412 5498 lepida
1430 5448 1497 5483 sane
1515 5431 1579 5483 mul
1590 5435 1632 5477 *a

309 5522 337 5567 et
359 5533 413 5568 non
436 5518 666 5569 facilia.inventu
685 5518 712 5566 in
731 5521 873 5582 utramque
887 5528 1000 5565 oausam
1012 5515 1121 5578 ΜΗ)
1173 5514 1196 5547 ³⁰
1213 5516 1391 5567 incantantes·
1403 5520 1428 5566 1.
