3625 7050
302 1187 427 1242 XXXVI.
444 1196 466 1238 τ.
479 1202 542 1239 zon.
557 1201 640 1238 tum
653 1201 809 1238 nnsnonsm
821 1200 953 1237 mim.
968 1200 1005 1236 un
1018 1202 1141 1275 nvn-ng
1153 1202 1244 1237 mss.
1259 1201 1372 1238 ιτΑιιε.
1419 1173 1484 1246 121

354 1359 433 1420 Ecce
452 1359 576 1430 adsumi,
599 1362 631 1418 et
640 1361 745 1434 prima
762 1359 881 1418 alacres
902 1360 947 1419 ad
963 1359 1073 1417 maenia
1096 1358 1177 1418 Galli

429 1459 584 1520 Tormenta
605 1461 752 1520 adiiciunt
771 1461 980 1535 excidiumque
998 1466 1130 1533 parant,·

354 1563 445 1622 Porta
461 1561 524 1636 fuit
540 1564 645 1637 positis
665 1562 779 1622 modice
796 1564 920 1634 firmata
938 1564 1052 1620 eatmns

285 1685 325 1724 iss
423 1664 532 1723 Peraia
548 1666 699 1722 tormentis
718 1671 821 1738 sponte
839 1642 945 1723 relicta
964 1664 1091 1732 ducum·

357 1764 421 1836 Qua
441 1766 509 1824 licet
529 1767 713 1839 irrumpunt,
733 1765 820 1823 duris
836 1765 1045 1840 catapbrattus
1061 1766 1097 1845 fn,
1113 1767 1206 1824 armis

425 1866 503 1925 Pars
522 1866 655 1940 peditum
674 1873 784 1925 nostroe
802 1870 938 1925 maxima
951 1870 1047 1940 pentis
1068 1873 1148 1939 erat,

355 1968 479 2042 Iamque
498 1967 674 2027 ridebantur
694 1973 753 2027 tato
768 1968 825 2027 sibi
844 1971 962 2028 uincere
982 1968 1098 2041 Marte,

286 2088 325 2129 nso
422 2069 548 2143 Iamque
567 2067 638 2140 sere
658 2070 773 2128 illuvies
795 2075 855 2128 tata
875 2075 997 2144 recepta
1013 2069 1092 2142 suit:

355 2168 448 2245 Rupit
462 2170 500 2229 ab
517 2170 633 2229 insidiis
651 2170 732 2244 quod
750 2172 782 2229 in
803 2173 890 2229 istum
911 2174 1048 2231 iussimus
1068 2186 1153 2230 usum

432 2268 551 2330 Talibus
569 2271 732 2346 hospitibus
746 2273 805 2330 tale
825 2273 901 2332 dare
922 2272 1096 2346 hospitium:

355 2371 444 2431 Hanc
466 2381 493 2432 te
511 2370 599 2443 serre
619 2375 738 2447 stipem
761 2375 845 2433 miles
866 2374 1028 2442 Germane,
1049 2373 1184 2452 decebat,

287 2490 327 2532 nas
425 2473 500 2532 Haec
520 2480 588 2534 erat
606 2474 709 2547 officia
725 2479 827 2548 pratia
850 2469 943 2549 dipna
960 2482 1018 2534 tuo.

359 2575 437 2645 Quid
455 2575 590 2648 reseram
610 2583 753 2651 quantam
775 2577 925 2636 ediderint
943 2582 1089 2636 tormenta
1112 2574 1256 2636 ruinam?

429 2675 543 2736 Horret
561 2677 663 2736 adbuc
683 2679 800 2736 animus
820 2684 849 2737 et
869 2681 1035 2738 meminisse
1052 2695 1147 2752 prave
1162 2686 1220 2738 est:

356 2776 512 2838 Pelluntur
534 2779 636 2838 Veneti
655 2779 784 2838 imbelles
806 2779 943 2855 Gallique
961 2783 1104 2853 minaces,

289 2894 330 2936 nas
427 2880 523 2939 Plura
541 2880 597 2939 sed
616 2881 734 2940 illorum
755 2883 839 2940 milia
856 2898 937 2941 ceesa
955 2888 1091 2941 manent:

358 2979 463 3040 Noster
485 2987 517 3039 at
538 2983 652 3040 interea
672 2984 790 3042 victrici
807 2986 958 3042 exereitus
979 2985 1047 3043 urbi

430 3082 556 3142 Advenit
574 3089 603 3141 et
622 3086 748 3158 spolium
763 3087 976 3159 relliquiasque
994 3088 1073 3159 lepit.

363 3181 452 3253 (luem
467 3199 552 3242 nunc
570 3200 638 3243 ecce
656 3187 714 3243 tuis
734 3188 873 3249 victorem
894 3191 994 3246 cernis
1015 3190 1045 3245 in
1067 3191 1143 3259 oris,

288 3302 330 3342 nn
428 3283 488 3343 Pro
509 3291 550 3356 te,
570 3301 629 3360 pro
649 3289 753 3361 patria
773 3288 889 3347 Martia
910 3296 1013 3347 eastra
1032 3292 1129 3363 sequi,

359 3382 448 3459 Spem
466 3402 547 3456 niusa
567 3389 681 3447 interea
703 3390 756 3449 tibi
774 3407 828 3449 nos
847 3393 1069 3465 preenmtimus,
1092 3397 1125 3449 ut
1144 3394 1183 3450 sit

431 3487 517 3558 Quod
536 3491 633 3549 maius
655 3494 744 3551 multo
762 3494 927 3568 polliceare
948 3491 1027 3561 tibi,··

363 3587 401 3647 Ut
420 3596 534 3648 taceam
554 3601 683 3664 quantus
700 3609 759 3667 pro
779 3610 811 3653 se
834 3595 998 3652 Germania
1019 3597 1110 3665 uires,

291 3706 331 3746 ms
429 3690 504 3760 (luot
523 3697 615 3765 queat
632 3695 753 3753 invictos
771 3677 885 3754 mitt'ere
901 3698 965 3754 solu
987 3696 1094 3753 duces:
1205 3765 1209 3772 ¹

364 3789 501 3866 Unparus
518 3794 635 3852 aceedit
651 3811 780 3870 pupnase
795 3813 925 3871 acerque
946 3795 1095 3854 Bobemus

416 3893 469 3952 'Et
487 3896 541 3967 qni
560 3901 645 3955 vasta
664 3896 759 3969 ferox
780 3914 857 3956 rura
880 3898 1011 3955 Polonus
1032 3903 1119 3963 arat:

362 3994 452 4053 [lucet
474 3994 512 4052 ab
531 3997 654 4056 occiduo
675 4005 789 4057 turmas
808 3996 964 4072 Hispanus
983 3998 1087 4068 Ibero,

293 4115 331 4154 no
428 4097 509 4155 Fida
530 4113 615 4156 snam
636 4099 717 4158 nobis
739 4098 849 4173 Anplia
870 4102 963 4159 mittet
980 4114 1077 4174 opem.

359 4196 455 4271 Finpe
476 4214 533 4271 ape
551 4215 611 4257 non
632 4202 742 4273 aliquio
759 4191 850 4272 uires,
871 4217 930 4259 non
952 4204 1015 4260 ulla
1034 4207 1197 4275 sequantur

431 4299 568 4372 Auxilia,
591 4298 733 4374 Aupustoe
753 4303 951 4362 destituantur
971 4319 1055 4378 opes,

360 4398 430 4460 Sola
448 4410 544 4477 potoet
573 4404 693 4463 Venetos
714 4405 916 4479 tumidumque
936 4408 1091 4486 repellere·
1105 4405 1223 4465 Gallum

294 4520 331 4560 ns
429 4503 520 4562 Sucia
540 4505 593 4563 diu
614 4507 688 4564 tales
706 4508 824 4565 vincere
845 4514 948 4565 nostra
969 4507 1082 4566 domus.

359 4603 399 4662 Et
414 4619 480 4663 mea
499 4620 558 4663 non
578 4622 638 4664 uno
652 4612 789 4666 canente
810 4615 854 4667 est
873 4608 996 4666 niustria
1017 4625 1123 4682 repno,

431 4706 580 4765 blateret
600 4709 763 4768 innumeris
784 4710 904 4783 repibus
925 4711 979 4768 illo
997 4708 1075 4781 suit:

359 4807 447 4867 Illius
468 4810 600 4883 aspicias
615 4813 740 4884 populis
755 4812 930 4884 florentibus
951 4810 1052 4881 urbes,

294 4927 331 4968 sss
432 4909 584 4972 Gallorum
606 4914 683 4970 uires
701 4913 817 4972 dixeris
835 4929 898 4972 esse
920 4912 1003 4969 nibil.

345 5010 426 5080 Oua
443 5013 507 5069 sola
533 5012 672 5072 Venetam
689 5016 795 5073 oirtme
811 5017 947 5088 potentia
965 5012 1071 5084 fracta
1090 5019 1145 5082 est,

430 5112 519 5172 Hane
540 5114 605 5187 tibi,
627 5118 654 5173 si
675 5118 786 5188 nescis,
810 5116 932 5174 nustria
952 5116 1016 5201 sola
1035 5114 1126 5172 dedit.

275 5329 308 5362 Ν
327 5330 455 5380 cathenis
467 5333 494 5381 2.
503 5334 528 5382 3.
598 5330 632 5364 ¹⁵7
651 5333 851 5399 cataphractus
864 5337 889 5384 5.
959 5332 994 5365 ²⁸⁵
1011 5332 1151 5399 ediderint
1162 5333 1188 5380 2.
1197 5332 1221 5379 i.
1291 5327 1325 5362 ²⁸⁸
1342 5329 1431 5380 millia
1443 5331 1501 5379 ts.

200 5415 240 5449 ¹¹¹⁰
258 5412 484 5484 reilinquiasqgl.
549 5417 737 5483 reliquiasque
750 5422 774 5467 5.
791 5412 994 5483 κατάφρακτος
1056 5415 1095 5481 5²²⁸
1113 5414 1261 5482 Hyspanus
1274 5418 1300 5465 2.
1365 5413 1399 5447 ¹⁸⁴
1416 5414 1502 5465 Sueba

202 5507 351 5565 utrumque
369 5501 417 5551 diu
429 5503 501 5553 vinc.
517 5505 590 5570 ³⁰1⁵·
642 5502 675 5536 ¹⁸⁰
688 5505 750 5566 Qun
763 5506 848 5554 toties
860 5505 997 5555 Venetam
1012 5505 1085 5552 3...5.
