3625 7050
318 1197 390 1273 282
467 1210 574 1264 CXXX.
595 1226 698 1264 sussum
713 1225 774 1262 nos.
788 1226 824 1263 sn
838 1226 921 1263 uvis.
936 1225 971 1262 ns
985 1226 1079 1264 sunus
1093 1227 1167 1263 uono
1181 1227 1223 1262 nr.
1239 1229 1265 1268 n.
1278 1221 1312 1264 ²³.
1327 1231 1384 1266 ιη.
1401 1222 1458 1267 ¹⁵19.

316 1388 381 1447 illos
401 1387 463 1446 alia
485 1386 534 1444 nia
555 1384 680 1443 adrem
703 1400 741 1443 ae
764 1385 903 1458 qloriam.
915 1385 1092 1458 parandam
1117 1388 1212 1460 maqis
1234 1388 1357 1473 idonea,
1382 1388 1528 1463 siquidem
1545 1389 1603 1463 ple·

266 1523 272 1533 -
317 1506 442 1564 namque
469 1487 645 1547 nobilitatem
675 1488 754 1545 illins
780 1488 886 1545 insulae
906 1489 1025 1561 peperit
1047 1488 1102 1547 doe
1122 1488 1287 1548 studiorum
1305 1506 1419 1562 penus:
1451 1493 1481 1550 in
1499 1507 1533 1551 eo
1553 1507 1605 1549 ne-

249 1593 392 1667 t.²⁴·qant
411 1605 577 1666 quenquam
599 1588 711 1647 absolui
727 1605 814 1662 posse
835 1591 894 1648 nisi
911 1591 1056 1663 plurimos
1077 1606 1172 1649 annos
1189 1593 1348 1651 insudarit.
1383 1593 1428 1652 Ao
1443 1594 1606 1667 decipitur

317 1711 384 1753 aum
406 1710 463 1752 nan
487 1693 598 1751 iniuria
621 1690 796 1749 abliorreret
817 1691 1011 1751 adolescentis
1028 1695 1179 1765 inqentum
1199 1695 1368 1755 melioribus
1392 1696 1481 1755 relius
1501 1704 1607 1767 notium,

317 1802 414 1856 tamen
439 1801 507 1871 post
533 1793 705 1868 depastatos
732 1793 925 1852 scholasticas
951 1795 1127 1870 disciplinas
1147 1798 1191 1855 sie
1212 1798 1243 1855 in
1264 1796 1320 1857 lioa
1340 1806 1475 1857 uersatus
1495 1807 1552 1871 est,
1580 1805 1627 1856 uti
1668 1808 1731 1847 ἑ

318 1915 412 1974 neque
433 1899 620 1957 consulerent
639 1912 805 1969 quenquam
827 1896 963 1954 libentius
984 1899 1160 1970 litiqatores,
1184 1915 1278 1973 neque
1291 1907 1434 1974 qnoestum
1449 1900 1610 1960 uberiorem

315 2000 436 2073 faceret
455 2001 611 2077 qaisquam
633 2014 733 2056 eorum
756 1999 807 2073 qai
832 1998 909 2057 nidil
930 2000 1018 2057 aliud
1039 2000 1183 2073 apebant:
1216 2008 1300 2059 tanta
1321 2007 1390 2060 erat
1410 2004 1453 2060 nis
1475 2019 1513 2061 aa
1532 2004 1610 2061 cele-

250 2105 394 2165 §.mmitas
419 2103 540 2175 iapenii.
585 2100 660 2171 Quin.
689 2106 717 2159 et
741 2100 906 2158 euoluendis
931 2101 1163 2160 orthodoxorum
1190 2103 1382 2162 uoluminibus
1409 2119 1470 2162 non
1497 2120 1610 2177 seqnem

318 2220 440 2279 operam
465 2202 619 2276 impendit,
650 2201 807 2273 Anqustint
830 2202 920 2260 libros
949 2201 997 2260 ‘de
1024 2205 1141 2263 ciuitate
1168 2205 1219 2264 dei
1225 2201 1231 2222 ‘
1247 2205 1369 2279 publice
1394 2205 1553 2280 professus
1572 2215 1611 2263 est

319 2307 420 2365 addua
436 2322 512 2379 pene
534 2304 704 2363 adolescens
725 2303 872 2362 auditoria
888 2303 1056 2379 frequenti,
1076 2322 1130 2365 neo
1147 2306 1258 2380 puduit
1277 2323 1332 2365 nea
1345 2310 1489 2381 paenituit
1507 2319 1675 2366 socer-11
1727 2327 1741 2366 u

251 2409 401 2468 §.li-dotes
428 2423 465 2466 aa
494 2422 577 2465 senes
604 2423 623 2465 a
650 2409 753 2465 inittene
776 2398 910 2479 quosano
934 2423 1025 2466 saera
1054 2409 1178 2467 discere.
1221 2408 1346 2467 Interim
1373 2414 1404 2467 et
1431 2409 1477 2467 ad
1497 2411 1611 2484 pietatis

317 2510 445 2569 studium
461 2515 548 2567 totum
567 2511 698 2567 animam
717 2509 847 2581 appulit,
870 2509 992 2581 aiqiliis
1014 2511 1145 2581 ieiuniis,
1162 2510 1384 2584 precationibus
1399 2511 1527 2584 aliisque
1539 2526 1610 2570 con-

317 2612 461 2672 similibus
479 2610 788 2684 proqqmnasmatibns
807 2610 1006 2668 sacerdotium
1028 2612 1193 2670 meditans.-
1225 2627 1285 2686 qua
1306 2612 1425 2686 quidem
1446 2613 1479 2669 in
1500 2629 1535 2672 re
1555 2629 1610 2671 non
1707 2662 1715 2669 .

316 2717 409 2790 paulo
430 2715 502 2789 plus
529 2713 578 2770 ille
601 2711 737 2787 sapiebat
763 2727 852 2784 qnam
875 2713 1015 2785 plerique
1037 2715 1087 2772 isti
1112 2715 1165 2787 qui
1190 2720 1297 2772 temere
1323 2713 1367 2771 od
1392 2719 1453 2771 tam
1485 2714 1610 2773 arduam
1691 2739 1713 2776 ,ι

306 2815 530 2891 professionem
558 2814 698 2886 inqerunt
722 2830 798 2885 sese,
824 2816 904 2872 nullo
930 2815 1018 2887 prius
1045 2817 1093 2874 sai
1116 2817 1250 2889 periculo
1274 2814 1378 2887 saolo,·
1408 2832 1505 2890 neque
1525 2818 1609 2890 quie-
1683 2832 1736 2873 -u

319 2933 407 2992 quam
429 2914 562 2975 obstabat
582 2933 639 2989 qao
658 2917 755 2974 minas
774 2932 837 2974 sese
858 2915 929 2973 duic
950 2917 1016 2973 aitte
1035 2919 1143 2988 qeneri
1162 2918 1331 2994 addiceret,
1352 2918 1414 2975 nisi
1432 2919 1515 2991 qnod
1536 2933 1609 2976 uno-
1656 2953 1709 2965 -

318 3022 363 3078 ris
390 3019 568 3077 desiderium
598 3033 656 3077 nan
686 3024 784 3092 posset
814 3025 973 3086 exentera·
1007 3020 1112 3077 moluit
1143 3021 1235 3092 ipitur
1266 3019 1393 3077 maritus
1422 3035 1487 3078 esse
1516 3028 1610 3078 castius
1627 3039 1707 3082 ‘a

252 3124 408 3197 §.ll-qaam
430 3120 571 3180 sacerdos
592 3121 736 3194 impurus.
775 3118 884 3178 Tamen
905 3120 1048 3192 uirqinem
1068 3119 1158 3178 duxit
1177 3117 1337 3179 admodum
1356 3122 1509 3197 puellam,
1530 3122 1705 3183 claro-:7

316 3239 427 3297 penore
449 3227 565 3293 natam,
589 3222 693 3280 rudem
716 3221 830 3292 adina,
853 3225 951 3295 utpote
969 3223 1046 3279 ruri·
1059 3224 1136 3280 inter
1153 3227 1293 3296 parentes
1311 3238 1349 3281 ac
1366 3238 1484 3281 sorores
1499 3237 1703 3297 semper*

319 3324 463 3396 liuditum,
486 3338 543 3397 quo
564 3326 660 3396 maqis
676 3325 722 3382 illi
737 3325 839 3381 liceret
859 3325 941 3381 illam
963 3323 1006 3381 ad
1022 3339 1089 3382 suos
1110 3339 1206 3383 mores
1224 3326 1348 3398 sinqere.
1380 3323 1462 3384 haue
1476 3330 1506 3384 et
1520 3325 1725 3384 lacrima

319 3426 524 3486 instruendam
551 3427 668 3485 euronii
692 3433 720 3484 et
747 3427 828 3483 orani
851 3426 975 3483 musices
999 3440 1109 3497 qenere
1140 3425 1256 3484 doctam
1288 3425 1435 3497 reddidit,
1466 3427 1698 3500 planequffl

319 3532 406 3589 lolem
423 3546 504 3603 pene
522 3530 671 3601 tinxerat,
699 3529 815 3601 quicum
836 3526 968 3586 libuisset
988 3526 1155 3585 uniuersam
1177 3533 1291 3587 atatem
1316 3529 1454 3601 eripere,
1483 3531 1518 3586 ni
1536 3543 1651 3587 mora
1677 3545 1695 3586 s
1719 3585 1722 3594 ,

317 3637 504 3707 praematura
520 3632 655 3705 puellam
677 3631 840 3697 sustulisset
859 3628 1005 3698 emedio,
1031 3629 1086 3686 sed
1104 3632 1226 3688 atinam
1253 3630 1361 3689 alteros
1382 3632 1510 3703 aliquot,
1537 3645 1691 3704 quo—

321 3749 387 3792 rum
410 3732 512 3791 adltuo
536 3739 697 3805 supersunt
722 3732 833 3805 puellee
860 3735 933 3801 tres,
965 3729 1190 3803 [tdarqaretlia
1211 3732 1346 3806 Alauda,
1370 3730 1513 3817 Uenilia]
1538 3746 1689 3806 ponz-r
1730 3785 1734 3796 ,

250 3840 396 3893 §ananus
419 3830 587 3913 [Ioannes]
632 3833 732 3906 Neque
756 3833 807 3889 diu
830 3830 936 3890 caleis
960 3832 1057 3890 uiuere
1081 3836 1231 3905 sustinuit,
1263 3835 1332 3892 licet
1357 3834 1417 3891 alio
1445 3832 1710 3892 uocantiiu=s²⁵

288 3917 291 3922 ⁵
319 3939 481 3995 amicorum
502 3937 647 3994 consiliis:
680 3934 787 4007 paucis
808 3932 954 3990 mensibus
975 3949 994 3989 a
1013 3932 1125 4005 sunere
1144 3938 1248 3995 nonoris
1267 3937 1387 3994 uiduam
1410 3933 1500 3993 duxit
1519 3932 1681 4006 ’παρεὶς

318 4038 465 4096 curanda
480 4036 610 4109 [omiliae
628 4050 716 4108 qnam
739 4035 894 4107 uoluptati,
918 4036 1027 4108 quippe
1051 4052 1106 4095 neo
1127 4036 1233 4096 bellom
1251 4036 1426 4107 admodum,
1448 4052 1503 4095 nee
1521 4036 1676 4110 puel’-

317 4141 394 4208 lam,
417 4148 448 4196 nt
466 4140 528 4212 ipse
547 4138 643 4197 iocari
663 4137 747 4206 salet,
769 4136 823 4193 sed
835 4150 936 4193 aerem
956 4151 994 4194 ao
1011 4138 1179 4210 oipitantem
1197 4137 1473 4211 matremfamilias,
1495 4139 1673 4212 quicum

319 4243 416 4298 tamen
427 4239 556 4313 perinde
569 4240 691 4297 collater
708 4238 896 4311 suauiterque
919 4238 986 4295 aiait
1007 4255 1044 4297 aa
1059 4240 1086 4297 si
1104 4242 1205 4313 puella
1224 4239 1308 4312 soret
1323 4238 1429 4311 forma
1451 4244 1625 4313 quantun:
1656 4263 1670 4274 -

251 4340 389 4403 §.malet
409 4340 546 4397 nutabili:
578 4340 629 4396 aia
652 4340 729 4396 ullus
748 4341 874 4397 maritus
900 4354 920 4395 a
945 4355 1001 4397 sna
1028 4347 1141 4399 inultum
1168 4341 1299 4415 obsequii
1324 4343 1466 4415 impetrat
1491 4335 1694 4415 imperatu

319 4447 407 4517 alque
427 4439 636 4511 serenitudini,
660 4447 801 4513 qnantum
823 4440 873 4498 liic
894 4439 1047 4499 blanditiis
1069 4445 1205 4516 iocisque.
1242 4444 1318 4518 quid
1336 4443 1415 4501 enim
1437 4457 1496 4501 non
1518 4444 1667 4516 impe·

318 4551 388 4615 trel,
413 4549 606 4618 posteaquam
627 4542 738 4615 effecit,
769 4548 800 4600 ut
817 4544 924 4600 mulier
946 4543 1005 4599 iam
1028 4543 1071 4601 ad
1090 4545 1204 4603 sensiam
1223 4560 1362 4618 aerqens,
1383 4544 1428 4602 ad
1447 4543 1503 4602 lioe
1523 4537 1667 4599 animi

318 4646 436 4703 minime
467 4647 575 4717 mallis,
605 4651 754 4719 postremo
789 4644 832 4701 ad
862 4659 926 4701 rem
958 4645 1166 4716 attentissima,
1200 4645 1333 4717 addara,
1361 4644 1521 4715 testudine,
1548 4653 1660 4701 mo

318 4747 467 4807 nanum
487 4748 621 4821 tibiisqae
644 4762 754 4805 canem
778 4745 918 4816 disceret,
945 4750 974 4803 el
994 4746 1025 4802 ia
1047 4746 1128 4805 disce
1148 4747 1236 4806 rebus
1254 4746 1384 4821 quotidie
1402 4748 1655 4821 prescriptum

249 4866 419 4925 §.inopere
443 4865 567 4924 pensum
594 4841 726 4920 eaiqenti
748 4848 856 4904 mnnita
882 4844 1044 4906 redderet?
1076 4849 1227 4908 Consimili
1249 4850 1384 4908 comitate
1405 4855 1495 4907 totam
1513 4846 1609 4919 snut
1620 4841 1676 4898 12³³

316 4956 389 5012 liam
420 4953 608 5021 moderatur,
640 4951 670 5008 in
700 4964 760 5022 qao
786 4949 870 5005 rivilla
899 4948 1062 5021 traqoedia,
1096 4951 1179 5008 nulla
1207 4952 1298 5020 rixa,·
1334 4950 1436 5024 siquid
1461 4945 1642 5012 eestileril

386 5120 699 5186 ¹·²ploruuquel...l.6.
748 5115 919 5181 plerisques.
961 5112 1109 5181 ¹³Tumen]
1123 5118 1405 5182 exspectaresltoque.
1453 5115 1529 5165 duxit
1540 5111 1625 5163 adm.

317 5203 448 5272 puellam]
464 5204 501 5254 ci.
511 5204 626 5253 Hesiod.
640 5204 710 5268 Opp.
722 5206 751 5250 ei
760 5201 785 5249 d.
797 5199 855 5250 om.
875 5191 1067 5266 llupliemur'qu
1080 5194 1113 5251 oi
1126 5204 1238 5267 γαμεῖν,
1250 5190 1288 5260 ὥς
1300 5191 1325 5251 u'
1337 5190 1416 5267 ἤθεα
1429 5190 1516 5251 κεδνὰ
1529 5185 1617 5248 διδοί-

319 5289 378 5356 ξῃς,
391 5289 535 5354 Virginem
548 5304 613 5339 vero
626 5288 733 5347 ducito,
748 5291 778 5333 ut
791 5299 880 5333 mores
894 5291 986 5334 castos
999 5284 1111 5335 doceas.
1173 5285 1195 5318 ¹⁸
1215 5286 1326 5351 aliquod
1340 5289 1365 5335 7.
1427 5283 1449 5318 ¹¹
1468 5283 1608 5334 instituer-

318 5375 382 5424 ‹lam
397 5377 421 5423 1.
469 5371 679 5422 ²⁴1‘raen0mina
693 5385 752 5434 quie
766 5369 844 5418 uncis
858 5368 1032 5431 inclusimus,
1053 5372 1093 5420 ed.
1106 5374 1130 5420 1.
1144 5386 1198 5421 non
1211 5371 1309 5433 habet,
1329 5371 1379 5422 sed
1396 5370 1499 5420 habent
1515 5370 1537 5416 2.
1550 5379 1598 5428 sqq·

319 5459 471 5508 Conciliat.
535 5456 558 5490 ‘⁵
576 5456 671 5509 celebs
685 5456 793 5505 1...t.o.
848 5451 950 5503 caelebs
962 5456 988 5503 5.
1052 5452 1258 5521 ”neopuelLl
1277 5455 1506 5505 &manationi
1520 5447 1592 5513 Lydit

318 5541 395 5593 bella
412 5542 516 5609 puella.
