3625 7050
440 1198 517 1251 VIII.
541 1215 625 1253 cnon
638 1215 757 1252 prnsus
770 1216 808 1250 u>
820 1216 972 1252 successu
985 1217 1028 1251 se.
1054 1217 1080 1252 n.
1094 1210 1115 1252 t.
1129 1217 1210 1253 sess.
1226 1212 1284 1251 tstt.

474 1371 518 1432 Sic
532 1372 603 1431 liber
616 1373 742 1438 lluttcni,
758 1374 832 1440 lulio
847 1375 998 1452 pretiosior
1012 1392 1089 1438 aura.

563 1460 726 1536 Archetypis
741 1459 847 1516 laudem
862 1461 984 1518 vendicat
998 1461 1050 1517 iste
1065 1461 1152 1524 navis,

474 1543 524 1613 Qui
542 1544 589 1600 tilii
604 1545 651 1600 slat
666 1545 792 1601 lnevilius
809 1554 935 1602 tornatus
951 1546 1031 1603 eslere
1046 1564 1141 1602 sessus

442 1648 455 1684 s
565 1629 596 1685 lit
611 1637 718 1686 struere
734 1632 765 1685 sul
780 1630 885 1686 ‹lnlcent
901 1632 1018 1702 cpnnina
1034 1631 1111 1686 sluctn
1128 1630 1242 1704 chelym.

472 1715 561 1784 Quare
575 1732 626 1789 age
643 1715 684 1770 lsc
699 1716 934 1790 halieasuperasu
950 1716 1021 1771 lituis
1037 1710 1126 1771 llas-tn
1137 1716 1258 1771 libellum

565 1800 648 1874 Inque
663 1801 740 1857 sinus
756 1802 856 1857 conclus
873 1801 1004 1857 inlecitus
1020 1802 1069 1856 tui.

473 1886 538 1943 llam
553 1886 575 1940 si
590 1902 688 1958 stagna
703 1885 767 1942 licet
781 1886 871 1960 parvis
885 1902 1051 1959 componere.
1067 1885 1157 1947 relius,

434 1985 458 2024 n
557 1969 616 2029 lluu
630 1971 721 2029 minoi·
734 1970 858 2028 Attalicis
873 1979 916 2026 est
930 1971 1001 2028 liber
1015 1970 1058 2028 tic
1073 1970 1179 2045 opilius.

820 2089 874 2145 lliis
889 2090 1053 2166 auspicibus.

688 2319 1042 2338 ψ*-

808 2509 915 2584 VIII.
1262 2461 1492 2579 'emma

763 2681 955 2746 'persensa

620 2798 802 2860 altori
835 2800 865 2860 lt
888 2798 1108 2860 t'BlAlt'l

671 2953 674 2957 .
838 2913 882 2954 Aa

177 3010 192 3048 5
721 3001 753 3050 V.
777 3001 837 3051 HV
840 3001 1006 3051 TTENVM.

293 3138 324 3198 S.
345 3139 381 3197 P.
403 3137 442 3198 1).
478 3137 574 3196 Plura
594 3140 705 3211 pararis
726 3140 757 3196 iu
785 3112 925 3212 epistota,
952 3138 1135 3212 respondebo
1154 3155 1212 3213 per
1232 3140 1377 3199 ordinem.
1410 3141 1566 3210 Primam¹

205 3243 288 3299 seire
308 3244 353 3298 uis
374 3254 434 3314 quo
458 3240 489 3298 in
512 3245 540 3298 te
564 3242 663 3298 animo
684 3241 754 3311 sim,
788 3242 885 3313 picatis
913 3242 967 3297 sim
994 3243 1134 3298 amicitie
1160 3243 1265 3314 cultor.
1305 3245 1421 3301 clarior
1448 3261 1512 3304 esse

157 3400 167 3413 ,
206 3343 263 3400 riti
283 3342 369 3401 delict
389 3357 476 3400 anser
497 3356 579 3400 meus
599 3357 689 3415 quam
711 3342 757 3399 uel
778 3341 816 3398 cie
836 3356 882 3399 me
903 3342 1031 3399 dubites:
1060 3345 1168 3401 crescit
1190 3359 1257 3402 cum
1284 3353 1372 3403 aetate
1398 3361 1511 3405 mecum

204 3444 299 3516 ficies,
319 3444 503 3521 constantin,
532 3444 701 3516 inmeritas,
730 3442 918 3501 alsertiautia
941 3459 1016 3516 erpa
1026 3430 1137 3511 'butas
1155 3429 1243 3517 ¹erpa
1264 3449 1359 3505 ninias
1378 3453 1512 3506 enitem-

168 3554 298 3621 coptus:
316 3548 419 3605 amaei
433 3553 462 3605 te
476 3553 584 3615 antem·
606 3548 666 3605 iam
690 3560 759 3604 uera
780 3548 858 3604 auxi
873 3548 1035 3605 amicitiam
1056 3547 1213 3619 charitate,
1233 3552 1421 3609 irenermiane
1442 3551 1512 3609 reli·

206 3650 354 3722 pianeque
375 3651 503 3708 sincerae
525 3650 641 3721 mentis,
669 3653 698 3707 et
718 3647 879 3707 liutteiium
904 3665 999 3706 meum
1021 3665 1095 3706 saite
1116 3648 1211 3708 labeo
1232 3651 1310 3708 inter
1332 3652 1409 3723 fidas
1431 3653 1510 3709 ami-

210 3765 262 3809 cas
282 3751 347 3808 laco
367 3751 468 3824 prima
487 3757 540 3809 aut
563 3757 644 3810 certe
657 3752 810 3825 maxima.
855 3750 1004 3809 Concessit
1021 3749 1077 3809 isac
1097 3750 1171 3808 milii
1197 3760 1308 3809 natura
1328 3769 1457 3826 parens,
1481 3758 1514 3811 ut

207 3849 328 3922 suturis
349 3858 378 3910 et
399 3851 605 3911 bcumntentioe
623 3853 778 3926 principes
800 3854 831 3909 iu
853 3867 900 3910 me
915 3852 996 3908 ‹totes-
1010 3867 1073 3909 esse
1087 3866 1271 3923 capannam,
1296 3870 1371 3926 quas
1386 3857 1416 3911 in
1432 3854 1513 3912 istrie

211 3969 305 4027 usque
322 3953 399 4011 diem
417 3955 474 4016 tati
490 3955 657 4027 intepritate
677 3954 824 4028 expressi,
846 3958 879 4010 ut
899 3953 1044 4010 neminem
1061 3954 1234 4026 penituerit
1259 3969 1343 4012 usum
1365 3971 1396 4011 se
1414 3952 1513 4025 fuisse

174 4069 280 4119 „mea
296 4053 518 4126 familiaritate.
545 4054 662 4114 Amicos
684 4070 743 4113 nait
759 4054 896 4113 liabuisse
913 4069 1030 4128 semper
1052 4054 1235 4113 inhonestum
1247 4057 1370 4130 putaui:
1391 4056 1513 4115 cessisse

212 4171 282 4215 uera
302 4155 501 4215 benevolentia
519 4163 549 4215 et
564 4157 720 4228 charitate,
742 4162 771 4215 et
791 4162 878 4230 turpe
897 4162 928 4215 et
946 4156 1120 4215 indecorum
1142 4154 1226 4214 dimi.
1266 4157 1382 4217 Deinde
1402 4173 1513 4231 quam-

211 4260 256 4316 uis
276 4260 324 4316 me
345 4265 457 4315 natura
479 4256 606 4329 facilem
632 4261 860 4332 clementemque
885 4257 1057 4330 effinnmit,
1093 4260 1172 4317 vatici
1195 4265 1293 4318 tamen
1321 4261 1352 4319 in
1380 4259 1512 4318 amicitia

205 4359 357 4436 paranda
371 4375 490 4434 parcus
508 4361 650 4432 existere,
670 4361 701 4418 in
717 4368 833 4435 parata
855 4376 925 4419 uera
940 4366 969 4419 et
984 4366 1142 4436 promptus
1157 4370 1185 4419 ct
1199 4369 1347 4420 constans.
1376 4360 1455 4420 Inde
1469 4368 1513 4420 est
1521 4375 1561 4426 §.²

212 4462 298 4540 (nam
308 4478 370 4536 per
387 4461 444 4520 hac
457 4461 502 4519 ati
519 4465 647 4521 atterum
657 4469 778 4536 partem
795 4464 929 4537 epistatoe
949 4470 1008 4522 tuoe
1030 4462 1137 4541 sterno),
1155 4470 1198 4528 ut.
1212 4470 1369 4538 postquam
1384 4466 1415 4522 iu
1430 4465 1511 4524 iana

175 4564 399 4625 msuts'tudiuem
421 4566 600 4630 secesserim,
629 4564 673 4622 nd
694 4570 804 4623 veteres
826 4564 945 4638 Plnipas
970 4565 1146 4640 Getidaspue
1167 4569 1307 4642 manicis,
1334 4566 1409 4625 iiiiii!
1433 4568 1513 4625 ami·

211 4669 302 4724 serim
327 4665 408 4739 quad
429 4665 556 4725 adrem
578 4671 660 4725 tunm
679 4668 832 4739 pertinere
851 4666 1037 4725 arbitrarer:
1070 4669 1149 4726 uetiti
1169 4682 1227 4725 aaa
1247 4683 1314 4725 men
1335 4667 1387 4725 tibi
1405 4666 1513 4726 deser-

211 4770 288 4826 viret
306 4772 337 4826 et
355 4768 487 4827 amicitia
509 4774 613 4826 nostra
635 4767 689 4827 tibi
714 4773 790 4827 esset
812 4771 1052 4843 prapupnacula.
1100 4769 1188 4844 Soepe
1208 4783 1276 4827 cum
1300 4774 1406 4842 patre,
1432 4783 1513 4843 serpe

212 4953 289 5004 VIII.
315 4952 375 5002 l=
386 4954 532 5003 Itanumm.
551 4954 619 5018 piet.
639 4950 753 5018 [IndicIs
766 4953 895 5020 bibliogr.
914 4956 952 5004 n⁰.
966 4952 1019 5020 us]
1037 4955 1074 5004 11.
1092 4971 1118 5019 p.
1132 4952 1222 5004 3...t.
1266 4952 1329 4999 2:
1340 4949 1512 5014 chenseil.

213 5039 292 5088 IIutt.
306 5039 377 5103 Opp.
391 5036 461 5104 [Iud.
475 5038 512 5087 n⁰.
526 5035 579 5103 rt]
597 5054 623 5103 p.
637 5037 763 5088 51....¹>u.
832 5037 895 5088 3:
905 5039 1037 5089 MohniIe
1057 5035 1125 5103 [lncl.
1140 5039 1177 5087 n⁰.
1192 5034 1244 5101 72]
1263 5053 1288 5101 p.
1303 5050 1519 5106 ccvi...c1.xn.·

303 5124 340 5174 ci.
354 5140 381 5188 p.
395 5139 466 5174 mx.
479 5129 536 5175 nat.
549 5121 610 5154 Ψ*
658 5124 721 5172 t:
732 5124 842 5174 Iliincli.
857 5125 891 5172 H.
906 5123 977 5189 Opp.
993 5121 1061 5188 [Incl.
1075 5123 1113 5172 n⁰.
1127 5120 1180 5187 78]
1194 5123 1215 5171 I.
1229 5139 1255 5187 p.
1272 5117 1426 5170 100...105.

280 5276 413 5330 ⁴chelim
425 5280 450 5329 1.

280 5363 292 5397 2
307 5379 417 5416 cnam
430 5376 572 5415 tenusve
583 5377 621 5413 In
633 5377 779 5414 remcavit
792 5377 952 5413 iivrrssvu.
966 5364 992 5412 2.
1011 5375 1107 5411 nmen.
1121 5374 1238 5411 ussum
1251 5375 1289 5409 n>
1300 5375 1364 5411 scs.
1378 5361 1440 5408 isi.
1460 5357 1513 5408 llo·

215 5449 327 5501 bisnit.
383 5448 404 5481 ¹²
422 5449 549 5501 valuitt.
603 5447 626 5482 ²⁰
642 5448 754 5515 Phagas
771 5453 788 5498 i.
801 5431 999 5499 eiiuciioniam.
1030 5444 1145 5496 Gelidus
1154 5451 1262 5495 mantes
1279 5450 1297 5495 i.
1309 5460 1333 5495 e.
1345 5442 1512 5508 linientem,

214 5534 302 5587 nllus
318 5535 497 5601 Thuringici.

280 5622 414 5676 lirum
428 5619 496 5671 Ort.
510 5635 574 5672 ror..
586 5619 610 5670 1.
1337 5615 1358 5676 2
