3625 7050
304 1190 374 1261 102
521 1202 621 1252 XXXI.
641 1216 763 1251 nvrrnur
777 1215 814 1250 an
827 1193 960 1250 nucem
973 1215 1036 1249 nor.
1050 1214 1140 1248 error.
1154 1213 1180 1247 n.
1193 1206 1228 1247 tt.
1239 1193 1303 1247 ocu.
1319 1203 1377 1244 rstt.

320 1540 487 1577 nonnum.
875 1501 1021 1577 XXXI·
1405 1527 1440 1568 21.
1453 1534 1514 1570 OCT.
1527 1526 1583 1567 1⁵15.

304 1594 508 1606 ---.-
1394 1586 1593 1597 —n—

763 1696 920 1784 vnuicvs
942 1722 1141 1783 uvrrnuvs

677 1846 862 1904 Enusuo
896 1845 1225 1904 uornudnuuo

868 1963 1028 2004 sauvrnu.

249 2133 296 2183 §.t
393 2115 502 2177 Omnes
523 2115 594 2175 mibi
617 2114 689 2174 deos
711 2114 797 2175 irasci
818 2121 906 2191 puto,
931 2132 1058 2192 quorum
1079 2113 1228 2175 voluntate
1247 2114 1293 2183 lit,
1316 2115 1475 2193 quominus
1488 2116 1544 2175 sim
1559 2123 1621 2175 tes

305 2237 373 2280 cum
396 2217 506 2295 aliquot
527 2234 636 2285 annos,
659 2215 768 2294 quique
790 2234 838 2275 me
860 2234 877 2274 a
898 2224 949 2276 tuo
972 2215 1064 2276 latere
1086 2213 1227 2284 avellunt,
1251 2216 1313 2285 cui,
1337 2217 1362 2275 si
1383 2233 1437 2293 per
1452 2218 1600 2278 fortunam

304 2319 447 2386 licuisset,
481 2318 612 2378 tenacius
639 2316 826 2378 adbaesissem
858 2336 946 2395 quam
974 2316 1022 2377 ille
1051 2316 1216 2377 Alcibiades
1243 2317 1372 2376 Socrati:
1402 2335 1495 2395 quare
1523 2320 1600 2378 enim

304 2438 364 2481 non
392 2419 572 2481 Germanum
602 2418 755 2479 Socratem
782 2417 937 2497 appellabo
964 2425 1010 2488 te,
1045 2417 1183 2488 Erasme,
1212 2420 1250 2478 ita
1279 2417 1315 2478 de
1343 2418 1429 2479 nobis
1458 2426 1600 2498 quantum

249 2534 294 2584 §.t
306 2521 343 2582 ad
371 2519 482 2582 litteras
509 2508 663 2588 me'ritum,
694 2527 727 2580 ut
756 2519 793 2580 de
823 2521 882 2580 suis
904 2519 953 2581 ille
975 2520 1104 2580 Graecis?
1132 2521 1197 2582 Non
1220 2521 1332 2580 issum
1355 2537 1410 2597 ego
1433 2520 1523 2591 lorte,
1553 2524 1601 2600 qiri

306 2623 425 2683 omniuo
440 2623 549 2700 possim
563 2621 681 2700 placere
696 2622 764 2692 tibi,
780 2624 827 2683 eui
842 2640 929 2700 posse
942 2621 1060 2700 placere
1075 2622 1209 2701 quaedam
1229 2621 1387 2682 admodum
1402 2621 1525 2683 felicitas
1540 2631 1597 2692 est;
1611 2640 1633 2681 ro

305 2732 336 2786 at
357 2742 415 2785 non
438 2724 575 2802 indignus
597 2724 717 2784 fuissem
740 2725 789 2802 qui
812 2724 848 2785 ad
871 2731 938 2785 tuos
959 2723 1051 2802 pedes
1072 2723 1239 2784 didicissem
1261 2723 1379 2784 Graecas
1400 2723 1526 2794 litteras,
1554 2727 1602 2804 qui

305 2833 335 2886 te
356 2832 483 2886 sectatus
506 2843 600 2885 essem
623 2825 767 2895 studiose,
791 2827 1012 2886 custodivissem
1026 2824 1264 2904 vigilantissime,
1291 2825 1493 2887 observassem
1520 2846 1602 2888 reve·

306 2934 420 2995 renter‚
455 2928 551 2986 omnia
574 2933 622 2987 t'ua
645 2927 722 2985 iussa
746 2934 901 2988 exsecutus
924 2945 1034 2996 essem,
1069 2926 1105 2986 ad
1132 2944 1250 2987 omnem
1277 2935 1381 2987 ninum
1408 2928 1601 2992 exsiluissem.

306 3027 408 3106 Neque
430 3028 482 3088 tibi
505 3028 607 3088 luisset
628 3028 814 3115 indecorum,
845 3030 868 3087 si
892 3028 944 3088 tibi
970 3029 1043 3088 mira
1073 3027 1242 3097 sedulitate,
1271 3028 1435 3090 incredibili
1463 3030 1521 3091 lide
1549 3032 1602 3091 nri·

306 3131 476 3190 nistrassem
492 3129 590 3216 Eques
611 3129 785 3191 Germanus.
830 3129 893 3190 Hoc
916 3129 1123 3208 praebuissem,
1147 3129 1283 3200 Erasnre,
1306 3149 1366 3191 non
1388 3131 1477 3191 modo
1500 3131 1634 3194 aulicaerv

308 3232 526 3300 consuetudini,
549 3230 585 3290 ad
608 3249 696 3309 quain
719 3249 808 3292 vocor
829 3248 936 3310 magna
958 3250 1023 3292 mea
1044 3231 1193 3300 molestia;
1216 3232 1268 3293 sed
1292 3240 1321 3293 et
1340 3233 1424 3302 lruic,
1446 3233 1486 3292 ita
1501 3252 1550 3294 me
1565 3233 1604 3294 dii

251 3340 419 3403 beamont,
441 3333 671 3410 peregrinationi
692 3333 806 3393 italicae.
852 3333 889 3393 Et
910 3341 943 3395 nt
965 3333 1093 3394 breviter
1115 3334 1190 3394 scias
1212 3334 1281 3413 quid
1310 3334 1380 3393 mibi
1408 3352 1506 3412 nuper
1533 3353 1603 3413 pro·

306 3434 473 3513 posuerim,
508 3434 716 3494 constitueram
739 3435 782 3494 ire
805 3434 841 3494 ad
863 3443 907 3504 te,
941 3454 975 3494 ac
997 3442 1116 3495 secutus
1137 3436 1213 3497 lorte
1243 3437 1272 3496 in
1300 3436 1480 3496 Britanniam
1508 3456 1603 3516 usque

306 3538 441 3606 luissem;
458 3537 536 3616 quod
549 3556 646 3597 meum
659 3536 786 3598 salutare
798 3537 951 3598 consilinm
966 3539 1129 3599 intervertit
1143 3540 1310 3615 importuna
1325 3558 1459 3601 meorum
1475 3537 1603 3600 liberali·

306 3646 364 3700 tas:
386 3638 590 3701 liberalitatem
614 3640 691 3699 enim
713 3645 817 3699 vocant
839 3639 918 3717 quod
941 3639 1086 3699 discendis
1108 3639 1223 3717 legibus
1243 3646 1392 3718 sumptum
1408 3640 1636 3720 elargiuntur,oo

250 3748 394 3820 §.eatque
417 3740 455 3801 ob
477 3741 506 3801 id
528 3759 607 3801 nunc
629 3739 753 3801 Romam
775 3742 885 3800 mittor.
934 3740 1004 3801 llaec
1032 3759 1067 3801 ex
1095 3742 1200 3802 itinere
1228 3742 1326 3803 scribo
1354 3741 1390 3802 ad
1418 3749 1449 3803 te
1476 3745 1604 3805 circum·

306 3841 505 3920 strepentibus
526 3842 625 3903 multis
648 3843 783 3901 convivis.
827 3842 921 3902 Parce
943 3842 1201 3919 exteruporalitati;
1231 3862 1291 3903 non
1313 3843 1430 3905 dabitur
1451 3846 1604 3907 revidendi

307 3944 399 4022 copia.
444 3943 553 4004 Invitus
575 3962 610 4003 eo
633 3942 683 4003 nbi
706 3951 734 4003 te
757 3962 815 4003 non
839 3942 908 4004 licet
935 3944 1034 4004 videre
1060 3951 1149 4022 teque
1178 3946 1246 4006 lrui.
1291 3944 1347 4015 Qui
1374 3947 1496 4007 comites
1525 3955 1603 4016 sunt,

307 4046 349 4107 eis
370 4045 541 4124 persuaderi
564 4063 623 4105 non
645 4046 756 4122 potuit,
784 4052 817 4107 nt
839 4044 952 4105 Basilea
974 4046 1030 4106 iter
1058 4046 1232 4107 laceremus
1277 4046 1342 4108 Non
1370 4048 1493 4118 mirum,
1523 4050 1604 4128 qivod

306 4164 367 4206 non
395 4165 497 4208 omnes
523 4154 687 4225 agnoscunt
712 4154 792 4208 tuam
820 4148 1007 4208 divinitatem.
1064 4146 1178 4208 Utinam
1209 4148 1381 4226 persuaderi
1408 4157 1510 4227 posset
1539 4151 1602 4221 tibi,
1611 4180 1635 4219 ιι
1728 4183 1741 4196 -

250 4274 295 4324 μ,
308 4248 409 4326 quanti
430 4255 460 4308 te
482 4248 594 4308 faciam.
643 4247 762 4308 Videbis
789 4248 899 4309 cditrnn
928 4268 944 4307 a
971 4267 1020 4307 ine
1047 4247 1215 4319 Neminem,
1246 4268 1365 4310 carmen
1394 4268 1454 4310 non
1481 4253 1603 4312 omnino

307 4348 554 4409 contemnendum
577 4349 669 4419 lorte,
698 4351 728 4409 in
751 4350 834 4410 cuius
856 4350 1027 4428 praelatione
1049 4352 1104 4419 tui,
1134 4357 1167 4411 ut
1188 4352 1301 4420 decuit,
1334 4353 1454 4412 memini
1482 4353 1603 4414 bonori-

250 4450 371 4512 §.cuce
416 4449 508 4509 Totus
530 4469 546 4509 a
567 4457 698 4509 tremore
721 4450 868 4521 convalui,
891 4452 960 4511 item
985 4470 1020 4510 ox
1041 4440 1147 4511 morbo
1162 4452 1260 4530 pedis;
1283 4454 1308 4512 si
1322 4454 1420 4514 venies
1435 4456 1465 4514 in
1480 4454 1602 4525 ltaliam,

305 4548 378 4611 nibil
399 4551 596 4612 remorabitur
620 4559 738 4613 euntem
760 4553 797 4612 ad
811 4560 841 4613 te
863 4572 899 4613 ex
921 4552 971 4612 illo
992 4551 1076 4631 legali
1092 4570 1227 4622 carcere,
1251 4573 1309 4633 quo
1325 4574 1372 4615 me
1388 4554 1520 4633 relegant
1535 4558 1603 4618 mei.

250 4668 296 4718 §.a
307 4652 482 4714 Exorassem
504 4660 537 4713 ut
558 4674 606 4715 mc
629 4655 851 4715 commendares
873 4654 959 4715 alicui
981 4654 1098 4725 llomae,
1128 4656 1152 4714 si
1181 4656 1324 4717 venissem
1352 4656 1511 4725 Basileam;
1542 4675 1695 4717 nonar*
1719 4667 1741 4686 ⁴

306 4773 444 4834 negasses
466 4755 524 4816 boc
546 4756 766 4826 beneficiolum,
790 4775 855 4835 qliae
877 4763 927 4815 tua
950 4763 994 4815 est
1016 4756 1195 4825 humanitas:
1219 4757 1323 4836 quodsi
1345 4765 1441 4828 vacat,
1469 4759 1605 4820 scribens

304 4857 428 4919 Romam
451 4858 671 4919 commendabis
692 4877 740 4919 me
762 4856 847 4918 alicui
877 4876 913 4917 ex
942 4856 1091 4927 litteratis,
1122 4860 1169 4919 cui
1197 4877 1256 4918 non
1283 4858 1379 4920 mulos
1407 4860 1527 4920 seabam
1554 4868 1605 4921 avit

870 5010 1041 5021 —

304 5079 408 5129 xxxl:
449 5078 506 5128 1:
517 5078 626 5129 Erasmi
638 5078 709 5144 Epp.
724 5077 796 5157 ¹⁷⁰9·
817 5076 992 5142 (Inmemor.
1003 5077 1125 5144 n⁰.53,5.)
1149 5079 1395 5145 Appendmxvr.
1408 5079 1471 5132 coll.
1482 5080 1556 5133 1573.
1562 5098 1603 5148 sq.

307 5161 397 5229 [Unde
415 5164 489 5215 banc
509 5163 656 5229 epistolam
674 5163 799 5214 Clericus
818 5165 962 5229 acceperit
980 5179 1034 5214 non
1054 5162 1195 5230 comperi]
1233 5191 1241 5219 ι
1276 5164 1603 5231 2=Wagenseil(1nd.

470 5248 538 5297 bibl.
552 5247 651 5311 ntur.)
664 5248 749 5297 n⁰.1x.
761 5266 786 5313 p.
795 5246 837 5296 88.
845 5263 885 5311 sq.
956 5246 1018 5298 3=
1030 5250 1109 5299 Hutt
1123 5249 1234 5299 bliineh.
1248 5249 1284 5298 11.
1298 5249 1439 5315 p.297.sq.

371 5434 413 5469 Μ
439 5435 570 5487 Vlricbus
587 5436 622 5486 de
645 5437 752 5488 Hntten
775 5436 810 5486 ad
828 5438 980 5486 Erasmum.
1001 5440 1026 5486 2.
1036 5440 1061 5487 3.
1131 5435 1142 5468 ⁵
1164 5438 1224 5486 sine
1248 5442 1341 5488 tecum
1359 5440 1421 5487 m.
1484 5435 1508 5469 2⁴
1525 5438 1603 5489 Basi-

304 5520 379 5571 lecm
395 5524 486 5572 malim.
548 5518 571 5553 ‘⁵
593 5536 705 5572 nonem.
719 5523 779 5572 Η.
849 5519 910 5554 Μ
928 5524 1041 5573 memini
1058 5519 1218 5587 honorilice]
1237 5521 1274 5571 cl.
1287 5523 1560 5586 inflammamur..
1606 5571 1611 5578 .
