3625 7050
353 1229 410 1285 CX.
430 1246 553 1284 narrem
566 1246 604 1284 an
615 1246 734 1285 unusne.
748 1245 871 1286 nentur.
885 1245 915 1283 tu
928 1245 1029 1284 uteru
1042 1245 1128 1282 ester.
1147 1244 1231 1283 uter.
1246 1237 1305 1281 toln.
1400 1212 1473 1288 249

226 1500 380 1571 coruus]
791 1483 873 1562 CX.
1236 1499 1329 1568 [nne.
1343 1514 1369 1551 ι.
1386 1501 1462 1568 latet}

394 1681 402 1693 ⁰
458 1676 500 1717 ΑΙ)
524 1675 833 1718 nnvnnnnmssnlvu
856 1676 889 1717 ln
914 1675 1054 1718 CHRISTO
1077 1676 1207 1717 Parnnlt

320 1761 591 1818 ILLVSTltlSSlllVll
613 1761 786 1819 PllllllllPEll
808 1761 984 1818 ltnnnrvu
1006 1761 1351 1818 BRANDENBVRGENSEM

255 1862 469 1906 eunntnaneu
491 1861 776 1904 nnenreetscoevn
798 1863 1016 1905 noevurruvu
1038 1863 1079 1902 nr
1102 1862 1409 1906 uncnnsvnunussu

503 1946 681 1988 Pnlnclpntt
703 1947 898 1988 ussermann
921 1947 1154 1996 rnrnnrruevn

576 2028 726 2090 VLRlClll
748 2029 914 2090 llVTTENl
936 2028 1084 2100 uotiuis

360 2134 393 2176 ru
416 2134 517 2175 Tl'rvli
539 2133 653 2174 lelvll
675 2133 874 2176 flls'romcvlll
896 2132 1003 2174 Lfflnts
1026 2132 1158 2175 AVC'I'VM
1179 2133 1308 2176 DVOBVS

732 2211 930 2260 enmnarrn.
1154 2202 1159 2212 '

270 2318 383 2397 eluctus
411 2352 506 2413 nuper
534 2337 708 2412 recuperata
737 2335 862 2414 quadam
888 2337 1008 2395 minime
1037 2335 1250 2395 contemnenda
1272 2336 1317 2394 sui
1339 2343 1422 2413 parte
1444 2335 1477 2395 T.
1488 2343 1534 2394 tt.

225 2439 287 2499 rius
309 2455 377 2497 cum
399 2454 500 2497 secum
523 2438 585 2516 ipse
608 2437 788 2497 consultaret
808 2436 859 2498 uhi
882 2444 911 2497 et
933 2438 1016 2497 cuius
1037 2435 1091 2496 sub
1115 2437 1304 2514 inscriptione
1331 2439 1360 2496 in
1383 2437 1479 2498 lucem

225 2542 295 2609 uel,
325 2537 401 2598 hanc
423 2545 554 2597 nostram
580 2537 634 2597 silai
662 2537 769 2615 delegit
798 2556 917 2599 auream
946 2537 1141 2614 lloguntiam,
1171 2544 1254 2615 poter
1281 2555 1315 2597 ac
1342 2541 1481 2625 princeps

225 2639 410 2707 lendissime,
439 2641 516 2699 inter
538 2637 609 2698 alias
630 2638 757 2716 Europae
785 2639 876 2700 urbes
901 2640 1099 2714 dignissimam
1130 2645 1226 2708 ratus,
1256 2638 1399 2709 arbitror,
1428 2639 1480 2700 ubi

225 2742 306 2803 nasci
327 2741 483 2818 gauderet,
507 2747 615 2819 tuaque
637 2747 792 2821 perspecta
813 2742 924 2817 ingenti
939 2757 1010 2816 erga
1025 2741 1170 2800 studiosos
1185 2759 1220 2800 ac
1234 2737 1363 2801 literatos
1378 2759 1481 2802 omnes
1508 2746 1519 2762 '

225 2843 383 2920 nignitate,
415 2847 515 2921 aptum
538 2859 570 2900 se
592 2843 735 2902 inuenisse
757 2844 868 2918 putarit
889 2843 1069 2920 principem,
1099 2843 1182 2902 cuins
1204 2843 1339 2918 auspiciis
1360 2844 1480 2921 prodire
1525 2906 1529 2912 ,
1570 2903 1573 2910 ,

237 2942 396 3024 publicum
417 2961 452 3003 ec
474 2943 584 3004 mundo
606 2961 638 3003 se
660 2943 815 3003 ostendere
838 2943 932 3004 vellet.
978 2943 1029 3003 llle
1050 2943 1161 3004 scilicet
1183 2949 1232 3004 aut
1251 2943 1387 3018 cogitavit
1406 2943 1534 3012 laaec,t.².

225 3053 236 3106 t
267 3062 328 3105 non
354 3047 452 3124 inepte
479 3062 495 3104 a
523 3043 610 3104 nobis
637 3046 781 3120 cogitasse
802 3047 900 3123 putari
922 3044 1018 3105 debet.
1064 3044 1138 3105 Nam
1160 3046 1184 3106 si
1206 3044 1251 3104 vel
1273 3043 1371 3104 locum
1393 3043 1483 3104 voluit

225 3148 289 3208 rius
311 3144 438 3225 aliquem
460 3163 515 3205 suo
537 3145 680 3206 decorare
702 3162 839 3220 egressu,
863 3164 951 3224 quem
974 3145 1075 3207 debuit
1096 3146 1163 3207 urbi
1186 3149 1256 3206 artis
1271 3147 1401 3206 omnium
1417 3164 1483 3225 quae

225 3265 316 3329 quam
344 3254 413 3307 sunt
440 3253 491 3307 aut
516 3265 646 3326 unquam
675 3246 808 3315 luerunt,
843 3250 1087 3325 praestantissimae
1113 3249 1266 3308 inventrici
1294 3265 1329 3306 ae
1357 3247 1483 3307 alumnae

225 3350 423 3430 rpressoriam
443 3355 531 3427 puto,
555 3366 643 3426 quam
665 3347 729 3407 ltaec
752 3347 838 3426 dedit)
862 3349 1021 3425 praeterret
1049 3349 1093 3408 vel
1108 3349 1257 3409 hominem
1274 3349 1403 3424 deligere
1417 3348 1482 3416 silai,

225 3460 276 3512 lus
306 3451 482 3531 impressum
509 3448 599 3509 fronti
625 3467 686 3509 suae
715 3467 823 3508 nomen
850 3449 939 3510 veluti
968 3452 1108 3529 temporis
1129 3456 1276 3511 monetam
1299 3468 1418 3529 quoquo
1441 3452 1484 3510 ire

225 3554 359 3628 ntingat,
388 3551 509 3611 honoris
532 3570 635 3618 caussa
662 3552 831 3630 proterret,
866 3552 954 3612 aliun}
978 3559 1057 3612 certe
1084 3552 1221 3613 maluisse
1249 3555 1395 3613 neminem
1419 3571 1483 3613 ere·

225 3655 354 3716 lerimus
376 3671 463 3731 quam
486 3660 530 3720 te,
560 3655 644 3713 euius
665 3654 695 3713 in
718 3651 875 3713 evehendis
897 3653 1048 3713 literarum
1070 3655 1173 3714 studiis
1195 3674 1228 3714 ac
1251 3655 1386 3741 augendo
1409 3656 1483 3731 opti·

225 3772 310 3817 trum
332 3753 551 3831 disciplinarum
574 3752 655 3814 cultu
676 3752 855 3813 incredibilis
877 3755 967 3814 ardor
989 3772 1024 3814 ac
1045 3756 1119 3814 mira
1142 3756 1298 3823 industria,
1327 3757 1357 3814 in
1379 3772 1484 3833 perco-

225 3856 287 3917 rdis
310 3873 379 3914 vern
401 3855 493 3914 doctis
515 3854 684 3915 hominihus
705 3856 847 3914 immensa
869 3853 1028 3915 liberalitas
1051 3875 1085 3915 ac
1107 3858 1187 3931 regia
1209 3855 1296 3934 plane
1311 3857 1483 3915 munificen-

225 4003 239 4018 ,.
276 3956 348 4017 llaee
370 3954 514 4025 efficiunt,
539 3962 571 4016 nt
592 3974 695 4015 omnes
717 3962 861 4034 quotquot
882 3972 984 4014 sumus
1006 3962 1056 4015 aut
1077 3955 1228 4016 hominum
1251 3958 1388 4033 opinione
1406 3957 1483 4016 docti
1493 3969 1539 4019 §.a

228 4066 299 4118 tre
322 4075 390 4117 sera
412 4063 493 4117 recte
514 4058 650 4125 studiosi,
679 4057 714 4117 ad
737 4074 828 4117 unum
851 4056 908 4116 hoc
931 4057 1078 4135 quoddam
1100 4056 1179 4117 velut
1200 4057 1312 4135 asylum
1334 4058 1484 4133 coniugiu-

225 4176 273 4227 us‚
303 4176 472 4237 quanquam
499 4165 532 4219 tn
560 4177 618 4218 non
646 4160 772 4219 sustines
800 4157 1002 4233 confugientes
1029 4175 1108 4238 noe,
1130 4177 1232 4218 rerum
1256 4165 1427 4219 cunctantes
1448 4160 1484 4219 ad

240 4258 434 4338 ultro'rapis.
479 4259 600 4320 Possem
620 4259 668 4320 lric
688 4260 802 4319 referre
825 4277 899 4338 quos
922 4261 999 4319 viros
1021 4278 1109 4338 quam
1132 4266 1163 4320 tu
1186 4258 1366 4321 familiariter
1387 4276 1540 4326 arces-tt.

225 4363 312 4429 reris,
336 4379 402 4439 quse
424 4361 500 4421 detra
523 4360 586 4421 aliis
608 4362 737 4429 dederis,
766 4367 875 4440 quanta
897 4359 996 4420 multis
1017 4360 1163 4442 pollicitus
1184 4364 1237 4430 sis,
1265 4363 1413 4441 quomodo
1436 4381 1486 4441 pe·

225 4465 281 4525 [nia
304 4465 416 4542 pariter
437 4480 472 4522 ae
494 4463 633 4539 dignitate
656 4460 813 4521 nonnullos
834 4464 965 4530 auxeris,
990 4468 1019 4522 et
1036 4469 1084 4523 tua
1100 4464 1164 4525 aula
1180 4471 1213 4524 ut
1228 4471 1328 4542 aperta
1343 4466 1381 4525 sit
1395 4465 1488 4524 doctis

225 4563 419 4644 spitulissime
441 4565 524 4632 viris,
554 4565 608 4623 nisi
637 4565 745 4623 scirem
771 4564 895 4627 multum
924 4584 940 4624 a
969 4571 1018 4624 tua
1047 4565 1174 4625 alienum
1203 4583 1267 4625 esse
1294 4566 1435 4626 modestia
1458 4567 1488 4625 in

225 4653 264 4728 vii
286 4659 459 4745 praelatione
480 4670 598 4724 tuarum
620 4660 672 4725 'tini
694 4664 814 4725 laudum
837 4667 1004 4726 encomium
1026 4666 1092 4741 legi.
1131 4665 1217 4726 Certe
1239 4666 1372 4744 prolecto
1395 4673 1424 4727 et
1446 4666 1543 4729 lo·§.s.

227 4787 245 4829 s
269 4775 315 4829 est
337 4773 522 4845 opportunus
544 4766 608 4834 hie,
632 4766 683 4826 ubi
705 4784 765 4825 non
787 4768 902 4826 renasci
925 4772 1038 4826 tantum
1059 4766 1126 4826 velit
1141 4768 1264 4826 eximius
1278 4768 1413 4844 scriptor,
1437 4766 1489 4826 sed

226 4871 267 4932 iri
289 4870 378 4929 etiam
400 4866 470 4927 olim
492 4869 636 4947 potnerit,
666 4873 695 4926 et
715 4873 748 4926 tu
770 4867 877 4943 dignus
899 4870 950 4947 qni
971 4874 1129 4945 patronum
1155 4869 1184 4927 in
1207 4867 1293 4944 vulgo
1316 4866 1387 4926 Livii
1409 4883 1488 4942 agas.

225 4988 298 5052 eque
321 4955 446 5029 uicissim
478 4967 520 5047 (ut
545 4975 595 5028 tua
624 4969 717 5028 lretus
746 4966 874 5028 bonitate
903 4969 998 5049 dicam
1021 4968 1129 5047 aliquid
1153 4967 1254 5046 littere)
1284 4968 1420 5044 indignus
1442 4966 1489 5026 ille

613 5154 669 5203 CX.
688 5154 776 5203 Indic.
789 5152 920 5218 bibliogr.
934 5152 971 5202 n⁰.
985 5154 1074 5203 xxti.

259 5292 408 5343 ‘vtnrcnr
421 5297 469 5340 etc.
483 5295 553 5341 emta.
568 5292 626 5339 Μ.
674 5288 695 5321 ¹⁶
713 5290 736 5339 si
749 5288 822 5340 vello
837 5303 897 5339 enm
911 5292 937 5337 5.
984 5287 1005 5321 ¹⁸
1018 5287 1249 5353 praestentissima
1261 5291 1289 5338 2.
1336 5284 1356 5319 ¹⁹
1368 5286 1413 5338 vel
1426 5288 1450 5337 si
1463 5286 1489 5336 h.

225 5376 334 5441 ligeret
352 5374 406 5424 sibi
424 5379 513 5425 mutim.
561 5373 584 5408 ²⁰
602 5374 808 5440 impressoriurn
820 5377 846 5423 5.
893 5372 915 5406 ²¹
930 5378 1073 5424 censam·
1101 5370 1364 5422 ”litterarumm
1410 5368 1490 5436 ”uel

230 5466 258 5512 5.
294 5457 460 5510 '¹⁵Hocd.
525 5458 794 5524 ²'quumqunmdd
864 5455 921 5489 ’Μ’
940 5460 1124 5527 acquisiveris
1139 5460 1164 5507 3.
1234 5454 1257 5487 ³²
1276 5459 1490 5509 encomieni.5.

230 5549 386 5613 oportunus
399 5548 426 5596 3.
483 5545 505 5577 ³⁵
523 5544 662 5608 vicissim,
683 5548 732 5594 eut
744 5546 803 5593 45.
