3625 7050
261 1223 336 1300 228
400 1238 525 1296 XCVIII.
539 1254 663 1295 narrem
675 1253 713 1293 xo
725 1254 844 1293 senaar.
858 1254 927 1292 noo.
940 1251 1027 1292 rann.
1041 1255 1098 1292 nra.
1112 1252 1147 1292 ne
1161 1254 1274 1294 ovxrxc.
1290 1249 1349 1294 tals.
1363 1257 1383 1297 1.
1397 1252 1424 1292 r.

260 1413 470 1474 melliferarum
496 1413 594 1491 apinrn
623 1410 801 1481 alvearibus,
834 1412 862 1473 id
892 1420 937 1473 est
963 1430 979 1471 a
1007 1413 1306 1482 fructuosissimarum
1335 1410 1558 1490 disciplinarum

204 1515 356 1585 arculfo,
386 1523 414 1575 et
442 1516 556 1574 fortiter
584 1517 679 1574 arceri
707 1521 735 1574 et
761 1513 880 1592 longum
910 1514 1029 1574 exulare
1057 1524 1245 1593 cognoscent.
1290 1515 1453 1599 Possumus
1479 1514 1557 1572 eninr

260 1637 319 1678 uon
347 1618 455 1694 optime
482 1622 672 1693 prospectum
694 1613 779 1675 nobis
802 1616 917 1685 dicere,
949 1635 1015 1676 cum
1038 1623 1084 1685 tu,
1115 1624 1214 1677 tantus
1236 1623 1393 1695 patronus,
1422 1622 1484 1675 tam
1507 1613 1557 1674 be·

260 1722 347 1797 nigne
375 1719 460 1778 uobis
484 1717 633 1777 arrideas?
666 1718 750 1777 cauus
777 1718 820 1776 rei
847 1719 975 1794 primum
1004 1719 1170 1778 Germaniae
1198 1717 1411 1778 documentum
1443 1735 1479 1776 ex
1509 1734 1555 1774 me

260 1821 382 1899 prodiit,
412 1837 499 1898 quem
528 1826 559 1878 tn
587 1819 616 1877 in
645 1816 868 1878 familiaritatem
891 1826 919 1878 et
942 1820 971 1877 ia
993 1821 1089 1880 sirium
1112 1820 1185 1880 adeo
1207 1827 1290 1880 tuum
1313 1838 1381 1879 cnm
1404 1819 1581 1896 acciperess

259 1924 402 2000 primurn,
426 1919 553 1980 obscure
575 1919 721 1979 sentiebas
744 1935 816 1998 quae'
831 1921 986 1980 doctorum
1008 1921 1162 1982 bominum
1190 1922 1370 1999 expectatio,
1400 1938 1467 1997 quae
1494 1920 1552 1996 opi·

259 2024 322 2091 nio,
351 2022 430 2100 quod
459 2020 599 2082 iudicium
629 2028 721 2090 esset,
753 2028 782 2081 et
810 2040 868 2081 nou
895 2023 984 2082 tacite
1012 2021 1188 2082 mussitabas
1208 2030 1308 2082 tecum
1330 2022 1395 2098 ipse
1417 2018 1549 2097 Vergilia·

259 2142 330 2184 num
352 2121 438 2192 illud,

588 2207 663 2266 feret
685 2206 747 2265 lnac
770 2205 895 2285 aliquam
919 2206 970 2266 tibi
992 2209 1069 2267 fama
1090 2207 1224 2271 salutem.

206 2331 250 2382 §.a
262 2309 310 2369 Sic
333 2317 377 2369 cst
398 2309 546 2387 prolecto,
576 2309 688 2386 luitque
710 2325 768 2366 non
792 2309 888 2368 minus
916 2308 1077 2370 iucundum
1100 2308 1151 2369 tibi
1174 2307 1253 2388 qnod
1275 2308 1391 2369 videres
1413 2305 1488 2368 haud
1507 2304 1566 2365 inu

261 2411 350 2489 digno
379 2409 444 2470 loco
473 2411 599 2488 positum
629 2416 718 2469 tuum¹
741 2409 931 2479 beneficium,
961 2429 1049 2488 quam
1071 2411 1142 2470 nrihi
1165 2408 1317 2487 plausibile
1340 2409 1419 2489 quod
1446 2426 1480 2470 ex
1503 2406 1540 2468 illa

263 2511 412 2573 communi
434 2510 599 2571 studiorum
621 2511 774 2570 iactatione
797 2519 892 2572 tutum
916 2519 945 2573 et
966 2511 1123 2572 salutarem
1143 2513 1317 2572 invenissem
1332 2513 1393 2572 otio
1407 2529 1471 2571 meo
1484 2527 1538 2587 por·

206 2622 333 2680 tatum.
379 2613 473 2691 Atque
495 2614 571 2673 inter
593 2619 699 2672 caetera
721 2632 785 2691 quae
815 2613 949 2674 familiari
978 2631 1055 2691 saepe
1078 2612 1158 2673 vultu
1180 2614 1299 2673 confers
1321 2631 1451 2682 mecum,
1478 2610 1536 2671 tene

261 2734 381 2793 sperare
403 2733 457 2773 nos
478 2713 576 2782 iubeo,
606 2713 873 2790 hocpromittens,
898 2722 1039 2793 quantum
1062 2716 1091 2774 in
1115 2722 1142 2775 te
1165 2714 1202 2774 sit
1223 2715 1367 2775 munitam
1382 2714 1456 2775 hanc
1469 2711 1535 2773 oolla

261 2817 298 2876 ad
327 2817 355 2875 id
385 2834 443 2895 quo
470 2815 617 2875 tendimus
644 2815 719 2874 viam
742 2834 814 2876 esse.
860 2835 918 2894 qua
941 2825 990 2877 tua
1013 2817 1105 2894 gratia
1127 2817 1220 2876 fretus
1242 2834 1331 2876 ausus
1352 2834 1434 2885 sum,
1457 2813 1557 2881 oblau

261 2917 370 2979 sultare
392 2902 539 2987 barbaris,
562 2918 601 2976 ita
624 2917 660 2977 ad
683 2935 732 2977 res
752 2917 967 2994 pulcherrimas
983 2919 1110 2979 excitare
1124 2916 1266 2996 aequalem
1290 2925 1320 2977 et
1334 2918 1447 2995 quoties
1459 2913 1532 2991 aliqua

262 3020 405 3080 incumbit
426 3019 629 3098 persequutio,
653 3018 688 3079 ad
711 3026 740 3079 te
763 3018 850 3079 veluti
872 3020 909 3080 ad
932 3039 1088 3080 commune
1110 3019 1258 3097 quoddam
1280 3018 1428 3079 bouormn
1445 3014 1532 3094 asplun

263 3139 334 3182 roeo
357 3140 393 3182 ex
415 3121 500 3181 bonis
522 3119 662 3198 aliquem,
686 3120 743 3179 lxoc
764 3123 862 3199 magni
884 3123 990 3183 iterum
1014 3128 1109 3223 poetae
1130 3120 1329 3199 ingeminans,

495 3221 559 3281 lluc
582 3222 700 3282 tandem
723 3222 866 3292 concede,
893 3223 957 3283 haec
979 3242 1029 3282 ara
1052 3221 1181 3283 tuebitur
1201 3240 1323 3294 omnes,

263 3332 359 3395 muto,
384 3324 463 3403 quod
479 3323 622 3393 ridemus
646 3324 759 3392 fructu,
783 3331 815 3383 ut
836 3325 894 3383 iam
917 3321 1025 3384 multos
1047 3324 1115 3383 hinc
1138 3324 1298 3393 erexerim,
1321 3321 1460 3401 quosdam
1473 3315 1552 3378 illlata

196 3427 516 3504 §.ro.impatientissi1uo
539 3444 592 3485 suo
616 3426 734 3486 fremitu
757 3424 915 3487 abiecerim
937 3444 971 3485 ae
993 3426 1199 3503 depresserim.
1236 3424 1280 3484 Eu
1303 3431 1333 3484 te
1356 3442 1445 3485 unum
1465 3420 1530 3498 igittt

265 3530 399 3597 omnino,
430 3534 480 3587 aut
502 3535 582 3588 certe
609 3546 645 3587 ex
673 3528 855 3605 paucissimis
878 3546 986 3596 unum,
1014 3528 1060 3588 cui
1083 3547 1138 3605 ego
1160 3525 1276 3597 oculos,
1310 3528 1358 3587 cui
1380 3522 1528 3586 inteleooo
1559 3579 1562 3590 .

265 3648 329 3690 esse
351 3630 455 3689 dicam.
501 3628 579 3706 ‹purid
602 3629 638 3690 de
661 3635 690 3688 te
712 3629 843 3690 scribere
867 3631 933 3707 qaia
962 3648 1058 3707 neque
1086 3647 1141 3706 pro
1168 3636 1302 3705 tempore
1331 3634 1392 3696 est,
1420 3617 1529 3704 atqoe'ss

266 3738 309 3791 est
331 3737 399 3791 tuus
422 3730 532 3790 candor
560 3737 591 3790 ut
620 3729 780 3809 quamlibet
809 3732 895 3791 etiam
924 3730 1040 3791 laudern
1067 3730 1254 3790 immodicam
1283 3730 1443 3797 existimes,
1468 3716 1528 3785 neit

266 3834 454 3910 adpraesens
479 3832 674 3912 supersedeo,
704 3830 784 3910 quod
812 3838 900 3909 caput
928 3839 971 3891 est
999 3831 1149 3892 inculcans
1176 3831 1242 3901 tibi,
1270 3831 1330 3891 hoc
1351 3823 1549 3891 munusculumt

266 3942 415 4013 gratanter
438 3941 469 3994 ut
491 3935 631 4011 accipias;
666 3934 745 4012 quod
768 3934 822 3993 etsi
851 3922 991 4012 exiguum
1018 3941 1076 4002 est,
1106 3934 1178 3993 tanti
1206 3952 1222 3993 a
1251 3951 1299 3993 me
1326 3934 1361 3992 lit
1388 3940 1487 3997 tameo,
1506 3926 1528 3980 1¹¹

265 4055 405 4114 inagnum
428 4036 496 4114 quid
519 4036 681 4112 perdidisse
704 4053 766 4103 me,
789 4035 816 4092 si-
837 4034 873 4094 de
896 4035 983 4113 vulgo
1006 4037 1168 4096 amicorum
1189 4035 1323 4096 dedicem
1343 4035 1373 4095 id
1389 4033 1481 4100 alicui,
1496 4040 1527 4085 tf·

198 4136 373 4207 a.n.bitrer:
403 4155 471 4198 uam
494 4155 561 4196 cum
583 4156 648 4197 rem
669 4136 710 4196 ibi
732 4143 855 4196 tractem
878 4154 945 4197 meo
967 4138 1073 4197 iudicio
1089 4155 1296 4215 permagnam,
1317 4154 1379 4196 non
1394 4121 1527 4205 named
1593 4129 1594 4140 ¹

267 4237 345 4297 illam
373 4239 425 4298 viri
453 4238 589 4314 auspiciis
618 4238 718 4316 egredi
745 4237 893 4298 volebam:
931 4256 968 4297 an
997 4257 1055 4298 raon
1082 4238 1258 4317 praeclaram
1289 4231 1527 4298 existimaretur&

268 4339 406 4417 quicquid
428 4338 457 4397 id
481 4343 538 4406 est,
568 4339 647 4416 quod
669 4358 729 4399 non
751 4340 822 4399 mibi
845 4346 973 4409 tantum,
1001 4341 1053 4401 sod
1076 4340 1186 4419 aliquot
1208 4344 1351 4419 praterea
1374 4337 1488 4400 millibus
1502 4340 1548 4386 δ’

269 4457 383 4499 sumina
406 4438 609 4516 desperatione
632 4442 814 4501 nrarxifestam
838 4443 952 4518 peperit
974 4440 1116 4503 salutem?
1148 4443 1203 4503 nisi
1225 4444 1264 4503 ita
1286 4441 1426 4502 colendus
1439 4428 1526 4499 estod·

201 4562 259 4611 §.aa
272 4558 352 4607 tuus,
374 4547 407 4599 ut
428 4541 561 4617 corporis
583 4541 793 4603 adminiculum
813 4560 868 4620 piro
891 4542 1025 4620 neglecto
1046 4545 1162 4621 penitus
1177 4543 1329 4604 habeatur.
1367 4550 1398 4604 at
1411 4527 1526 4612 illedptl·

269 4639 335 4700 linis
357 4640 476 4700 oraculo
498 4643 613 4719 sapiens
635 4643 778 4703 iudicatus
801 4643 938 4705 Socrates
965 4645 1042 4705 inter
1069 4663 1162 4722 planca
1189 4644 1297 4705 bonam
1325 4644 1455 4721 eorporis
1471 4630 1526 4699 bibi·

270 4742 400 4802 tudinem
423 4744 452 4802 iu
475 4748 540 4801 voto
563 4744 680 4813 lrabuit;
707 4732 846 4824 “Pyrrhus
875 4745 1052 4805 clarissimus
1080 4746 1267 4824 Epirotarum
1294 4764 1347 4807 rex
1370 4745 1444 4807 idem
1463 4730 1526 4801 alb*

270 4852 405 4922 precatus
427 4844 549 4922 legitur,
581 4853 609 4905 et
632 4837 789 4907 counmmi'
803 4850 934 4907 oninium
957 4866 1101 4908 consensu
1123 4848 1271 4925 sapienter
1293 4866 1380 4909 orare
1401 4842 1545 4907 crantor

270 4948 442 5024 quierant,

337 5132 348 5165 ⁹·
366 5133 492 5182 exsulare
507 5132 598 5182 8...10.
634 5131 644 5163 ⁴
657 5132 775 5198 docum]
789 5135 978 5200 Panegyricus
990 5134 1104 5184 Albe-rto
1117 5136 1286 5200 compositus
1303 5150 1328 5183 a.
1345 5134 1417 5184 1515.
1452 5119 1525 5171 'stis'

270 5218 403 5282 gillanmn
419 5221 508 5268 7...10.
578 5218 694 5267 Aeneid.
708 5219 729 5268 1.
743 5220 801 5269 toa.
867 5220 887 5253 ¹³
906 5225 1002 5269 cetera
1017 5221 1109 5269 8...ro.
1174 5218 1195 5251 ¹³
1213 5219 1302 5267 stasim
1320 5220 1375 5268 iem
1390 5219 1420 5269 E.
1470 5214 1525 5262 Μ’

271 5302 365 5351 iom7.
402 5318 498 5352 ausum
516 5303 571 5351 iam
589 5306 677 5351 ceteri.
716 5304 772 5366 sect
788 5320 870 5356 ansus
888 5320 956 5354 sum.
1028 5304 1048 5336 ¹⁷
1065 5305 1223 5370 persecutio
1237 5306 1329 5353 7...fo.
1399 5286 1524 5365 autland-

270 5386 292 5419 ¹⁸
309 5388 434 5438 PoeteA
443 5388 475 5439 B.
536 5391 617 5453 poete
632 5390 656 5437 f.
719 5386 820 5453 poetae]
839 5388 945 5454 Vergil.
963 5388 1031 5438 Aen.
1046 5390 1083 5438 11.
1096 5389 1155 5439 523.
1220 5386 1242 5419 ²¹
1257 5390 1323 5452 sort.
1343 5390 1439 5438 instem
1459 5380 1523 5432 οω-

270 5469 292 5501 ²²
310 5470 448 5535 vuulgod.
480 5472 620 5535 Cf.eupra
638 5486 820 5523 n.xcxv.xcv.
879 5473 902 5505 ³⁰
922 5473 1005 5522 mielxi
1020 5474 1052 5523 B.
1114 5473 1225 5538 aliquod
1237 5473 1271 5523 B.
1337 5455 1524 5535 ³2=2³App⁰lfili³

272 5555 305 5602 D.
320 5557 344 5603 6.
397 5552 420 5585 ³⁵
437 5560 574 5624 praecatus
589 5557 614 5604 d.
635 5556 678 5605 Cf.
691 5557 812 5621 Appion.
826 5558 859 5606 de
873 5558 930 5607 reb.
945 5557 1038 5607 Sanan.
1052 5559 1070 5608 i.
1085 5558 1105 5607 f.
