3625 7050
331 1204 404 1284 272
529 1218 651 1275 cxxvi.
671 1234 794 1277 rrvrrsnr
806 1238 843 1277 un
855 1237 932 1277 nnio.
947 1234 1123 1280 riscuronnu
1136 1239 1179 1280 rr.
1198 1241 1226 1281 n.
1239 1232 1274 1281 21.
1288 1242 1349 1281 nar.
1364 1237 1424 1283 tato.

618 1402 622 1411 ,
770 1384 778 1405 .

346 1463 419 1499 arvo
437 1461 589 1497 assarum·
886 1429 1063 1531 CXXVI:
1424 1463 1459 1503 u.
1473 1469 1533 1503 m.
1546 1463 1601 1503 nn.

635 1618 647 1635 ⁸
736 1660 738 1664 ,
760 1599 944 1662 VLRlClll'S
966 1602 1015 1664 DE
1037 1604 1190 1665 llvrmm

782 1705 975 1764 l'lllltlilllCllO
997 1710 1168 1766 PlSCth'llll

901 1807 1058 1875 sanvruu.
1112 1812 1114 1817 ·

272 1931 319 1981 tt.
414 1922 468 1982 liic
491 1923 587 1982 omnia
616 1921 692 1983 liene
720 1922 844 1991 linirent,
873 1925 928 1983 nisi
952 1907 1037 2003 quod
1052 1944 1112 1985 non
1135 1934 1298 2005 pugnatur:
1332 1928 1360 1987 in
1384 1928 1442 1987 hoo
1464 1931 1543 1989 enim
1565 1943 1719 1988 nonae

330 2023 432 2084 satisfit
453 2041 557 2083 eornm
580 2031 647 2083 roto
670 2025 718 2102 qui
741 2026 883 2100 sanguine
907 2033 936 2084 et
958 2027 1037 2088 caede
1059 2027 1159 2088 ulcisci
1175 2028 1367 2089 calamitatem
1383 2031 1528 2107 gestiunt:
1552 2031 1620 2107 iugit

329 2133 470 2206 tyrannus
499 2126 625 2184 maximo
653 2133 683 2185 nt
712 2127 855 2205 suspicari
883 2126 951 2187 lirot
979 2135 1072 2196 nu·tu;
1104 2129 1221 2208 reliquit
1243 2133 1321 2190 onim
1344 2148 1409 2210 quae
1431 2150 1501 2192 cara
1523 2131 1620 2192 lralruit

273 2240 318 2290 §.a
330 2228 441 2294 omnia,
470 2225 556 2287 etiam
583 2228 752 2306 pecuniam,
781 2235 815 2287 ut
842 2229 905 2288 siue
933 2231 1036 2289 viatico
1060 2221 1177 2290 ¹abierit.
1223 2231 1334 2292 lleielle
1356 2233 1530 2309 magnificos
1550 2252 1619 2312 quo·

308 2329 455 2390 rundarn
477 2331 621 2396 terrores,
645 2329 695 2406 qui
717 2337 1084 2408 omneseonsumpturam
1107 2332 1183 2391 lianc
1205 2332 1312 2393 luriaur
1334 2334 1550 2411 praedicebant,
1572 2337 1618 2414 qui

272 2448 384 2499 §.anos
410 2434 486 2494 male
512 2438 695 2508 pugnaturos
724 2432 806 2509 qnasi
834 2432 863 2490 in
886 2432 1006 2510 speculo
1028 2434 1135 2492 intueri
1157 2451 1189 2493 se
1211 2432 1417 2513 loquebantur.
1463 2436 1523 2497 Sed
1544 2435 1675 2497 arbi-11
1740 2499 1741 2505 χ

327 2543 391 2594 tror
412 2536 488 2594 seire
511 2531 584 2593 velle
608 2538 635 2591 te
657 2532 747 2592 llusis
770 2533 842 2592 meis
872 2539 905 2592 ut
927 2535 1081 2594 conveniat
1103 2553 1169 2594 rum
1192 2537 1282 2596 armis
1305 2545 1334 2597 et
1356 2536 1484 2597 tumultu
1506 2535 1616 2598 bellico.

328 2638 510 2714 Peroptirne,
533 2634 578 2695 rel
602 2635 667 2712 qnia
691 2634 881 2693 mauriscum
905 2634 1001 2695 liabeo
1024 2635 1193 2705 duetorem,
1216 2637 1365 2699 hominem
1381 2638 1555 2699 mirabiliter
1569 2637 1617 2697 lio·
1715 2680 1727 2691 .

327 2755 413 2806 uum,
442 2736 485 2796 vol
515 2737 581 2814 qnia
611 2735 667 2793 hoe
694 2733 804 2794 bellurn
833 2754 891 2795 mm
922 2744 978 2804 ost,
1008 2738 1146 2796 nimirum
1174 2738 1265 2798 hostis
1293 2739 1344 2800 ubi
1371 2749 1500 2801 nonest
1521 2748 1550 2801 et
1571 2739 1617 2800 ubi
1692 2750 1724 2807 j

213 2836 227 2859 '
327 2858 415 2900 nemo
443 2839 565 2905 resistit,
600 2855 687 2895 nemo
715 2836 861 2904 defendit,
895 2836 945 2897 ubi
974 2837 1103 2914 gladium
1132 2840 1212 2899 exeri
1238 2841 1370 2901 nondum
1398 2841 1538 2909 vidimus,
1567 2843 1617 2901 nisi
1679 2849 1721 2907 i

270 2947 469 3020 §.tquantum
498 2939 571 2999 ebrii
599 2937 639 2997 illi
665 2940 740 2997 inter
764 2938 867 3019 poeula
891 2940 1033 2998 rixantur.
1078 2939 1145 2999 Fuit
1167 2947 1264 2999 tamen
1286 2959 1382 3018 nuper
1404 2941 1547 3002 tumultus
1568 2961 1617 3020 po·
1664 2968 1741 3008 -p

327 3043 384 3102 tius
407 3058 493 3120 quarn
517 3057 630 3119 pnrgria,
659 3041 774 3099 minore
796 3039 946 3100 Francisei
976 3039 1034 3100 tilio
1058 3060 1125 3101 enm
1148 3041 1294 3120 equitibus
1318 3043 1416 3120 viginti
1438 3045 1615 3123 quinquein
1651 3066 1715 3107 ι

328 3143 471 3203 duoontos
492 3142 605 3221 pedites
627 3142 726 3201 neseio
750 3155 808 3220 quo
832 3141 953 3222 consilio
982 3159 1062 3201 arma
1087 3161 1193 3220 rapere
1216 3146 1293 3205 ausis
1315 3145 1458 3223 impetum
1482 3143 1614 3212 iaciente:
1633 3164 1713 3215 ς·

329 3244 379 3304 uni
402 3244 577 3304 interierunt
598 3244 698 3317 viginti
720 3260 787 3310 sex,
812 3245 889 3320 eapti
911 3244 1043 3320 triginta,
1067 3244 1173 3322 reliqui
1195 3245 1224 3304 in
1248 3245 1348 3321 lugam
1370 3244 1492 3316 abiecti,
1515 3263 1710 3323 magnam

270 3366 316 3416 §.u
329 3364 397 3405 cum
419 3344 511 3421 gloria
534 3346 645 3405 iuvenis
667 3363 701 3404 ac
724 3345 832 3422 optima
855 3345 892 3405 do
914 3363 946 3403 se
968 3361 1019 3422 spe
1043 3351 1070 3404 et
1093 3347 1239 3423 opinione.
1277 3346 1314 3406 Et
1328 3348 1498 3425 Gopingum
1513 3347 1709 3427 aliquth

325 3447 414 3507 horas
444 3448 610 3528 oppugnari
638 3447 789 3513 sustinuit,
823 3450 854 3504 ut
876 3444 1011 3524 quandam
1034 3445 1087 3505 alia
1111 3448 1222 3507 circum
1245 3448 1366 3528 oppida;
1401 3448 1536 3527 Tullinga
1559 3449 1731 3509 diffie

325 3558 396 3628 puto
425 3556 500 3618 tres,
531 3550 664 3625 depurga
692 3565 751 3606 non
781 3547 872 3607 multo
901 3547 1036 3626 amplius.
1082 3548 1264 3609 Conscientia
1287 3557 1346 3617 est,
1376 3568 1442 3628 quae
1470 3558 1500 3611 et
1526 3553 1704 3630 ipsun-nr

325 3658 481 3729 tyrannum
511 3655 539 3709 et
568 3667 641 3729 quos
668 3648 715 3709 ille
746 3649 820 3709 lidos
848 3648 993 3709 habuerat
1020 3649 1105 3709 solvit
1131 3668 1165 3709 ao
1194 3650 1355 3731 dissipauit,
1391 3669 1500 3728 magno
1534 3670 1646 3729 argu-
1692 3682 1702 3696 ·

267 3760 426 3817 §.eruente
449 3770 512 3811 esse
535 3752 641 3811 harum
664 3769 764 3810 rormn
787 3750 934 3829 optandam
957 3753 1076 3832 superis¹
1101 3750 1197 3811 adhue
1226 3770 1337 3812 euram.
1384 3753 1564 3831 Capnionern
1585 3752 1617 3813 li·
1672 3781 1699 3808 ,-

327 3854 492 3915 beravimus
519 3872 634 3914 surumo
665 3872 680 3912 e
709 3860 803 3919 metu,
834 3853 977 3930 optimum
1007 3869 1123 3920 senem,
1152 3853 1340 3914 innoc-entem
1367 3863 1397 3914 et
1425 3855 1548 3931 dignum
1570 3850 1698 3934 ιιι-ί

267 3959 458 4021 §.asenarius
480 3962 555 4033 agat
601 3954 696 4015 llalret
723 3954 779 4013 liae
804 3956 927 4030 regione
955 3953 1033 4013 haud
1063 3952 1147 4013 facile
1176 3953 1263 4018 aliam
1285 3956 1443 4017 Germania
1470 3955 1601 4035 pulehrio
1632 3974 1719 4013 -s

323 4077 402 4119 rem:
437 4074 507 4133 ager
530 4058 671 4134 optimus,
696 4054 799 4115 calum
822 4056 896 4115 mire
919 4054 1030 4113 bonum
1052 4060 1081 4114 et
1103 4054 1237 4123 salubre,
1257 4063 1386 4122 montes,
1402 4064 1503 4136 prata,
1520 4056 1691 4117 rallffi.

324 4159 458 4222 flumina.
489 4158 598 4225 sontes,
628 4157 728 4235 sylvae,
758 4157 952 4216 arumnissima
975 4156 1087 4218 omnia.
1112 4154 1213 4231 fruges
1240 4163 1274 4217 ut
1301 4159 1346 4217 rix
1375 4156 1445 4217 alibi
1474 4165 1689 4236 proveni-t

323 4258 442 4328 faciles;
478 4261 541 4318 rina
564 4259 647 4317 utin
672 4257 818 4318 historie.
864 4259 957 4339 ipsam
980 4256 1297 4358 Studgardiamoterrae
1325 4259 1496 4338 paradisum
1520 4250 1687 4338 appe--

264 4373 310 4423 §.a
324 4360 384 4421 lant
406 4362 507 4420 Sueri:
537 4361 576 4418 ita
599 4360 655 4418 situ
678 4365 722 4419 est
743 4377 868 4420 amomo.
908 4359 1002 4429 Quam
1025 4357 1079 4418 luit
1100 4359 1252 4436 indignum
1274 4361 1402 4437 pessimo
1425 4359 1487 4419 sul)
1504 4358 1684 4420 tenor-e

262 4469 366 4527 §.etot
388 4480 451 4521 esse
474 4459 565 4530 bona,
595 4468 785 4540 mereturque
814 4461 977 4539 principem
1000 4468 1079 4519 terra
1103 4460 1165 4520 liaeo
1187 4460 1308 4521 honum
1355 4460 1486 4539 Tyrariui
1508 4461 1705 4521 liberi-⁵³

322 4563 465 4640 Tubiugm
486 4570 621 4641 repertos
642 4562 726 4622 motu
748 4564 777 4621 in
800 4562 929 4622 Bavaros
951 4562 1146 4639 asportandos
1167 4563 1305 4630 suadent,
1328 4561 1376 4622 alii
1398 4561 1466 4624 alio.
1512 4563 1678 4640 Magi-²

322 4673 439 4745 reperta
468 4682 592 4725 annona
618 4666 669 4724 ris.
715 4671 931 4723 tormentorum
961 4670 990 4722 ot
1017 4681 1082 4742 quae
1110 4664 1146 4723 ad
1175 4662 1284 4723 bellum
1313 4670 1383 4722 sunt
1410 4664 1676 4724 machinam-1¹

321 4767 392 4829 nulli
416 4766 469 4827 init
491 4768 520 4825 in
543 4767 713 4828 Germania.
722 4766 847 4843 principi
870 4771 920 4823 aut
942 4765 1034 4824 maior
1058 4766 1140 4842 copia
1169 4771 1220 4824 aut
1244 4766 1416 4825 instructior
1439 4773 1673 4845 appareurit:

321 4888 354 4929 ea
377 4870 474 4928 onmia
498 4867 709 4935 extrahuntur,
732 4884 770 4926 ne
792 4865 935 4945 siquando
958 4865 1060 4925 redeat
1081 4865 1143 4934 ille,
1167 4864 1262 4927 furori
1284 4868 1479 4927 instrumenta
1502 4886 1556 4928 suo
1570 4870 1670 4926 iat·

319 4972 423 5032 veniat.
463 4968 556 5041 ‘Quid'
579 4971 621 5030 ais
645 4970 678 5029 ‘si
700 4969 819 5029 redeat?
847 4974 876 5028 et
897 4974 931 5027 ut
951 4966 1053 5027 redeat
1075 4967 1138 5028 fleri
1160 4966 1282 5045 potestt'
1310 4966 1376 5029 Nou
1399 4967 1544 5035 arbitron
1570 4975 1692 5026 Lis

876 5102 1055 5113 1-—

241 5177 253 5198 ·
319 5157 440 5206 CXXVI.
483 5155 556 5210 ΗΑ.
574 5171 609 5199 =
623 5154 656 5203 'ut
675 5155 709 5204 ad
728 5170 800 5203 num.
815 5154 925 5203 exvn.
944 5153 1146 5203 adnotavimus.
1227 5152 1475 5219 2=anenseil
1489 5169 1516 5202 n.
1529 5160 1655 5203 xxxt'·

354 5239 526 5306 p.·2ou...‘211.
596 5237 658 5288 3:
670 5240 748 5288 Hutt.
760 5237 868 5287 lliinoli.
882 5237 933 5287 111.
948 5254 973 5302 p.
985 5236 1124 5286 loo...158.
1194 5237 1328 5302 Epistolae
1347 5242 1455 5304 partem
1473 5239 1619 5303 recepit

605 5323 776 5380 Burekliard.
797 5324 817 5371 l.
837 5339 863 5386 p.
876 5321 934 5370 219.
946 5338 985 5386 aq.
1006 5322 1049 5370 Cf.
1064 5336 1135 5370 uum.
1149 5321 1260 5370 cxxll.
1273 5322 1288 5381 ξ
1301 5320 1326 5370 5.

387 5460 405 5493 ¹¹
425 5460 597 5510 mustella.
646 5458 667 5490 ¹⁹
686 5458 858 5523 Giippingon.
905 5454 1099 5507 ”silvinus
1152 5455 1175 5488 ³⁰
1192 5460 1313 5506 terroe).
1367 5455 1389 5489 ³⁸
1408 5452 1626 5509 Germsnicnt.

317 5544 340 5578 Ν·
358 5547 431 5609 Quid
449 5545 512 5595 aial
527 5544 557 5594 Si
575 5544 680 5595 redeat.
700 5546 758 5593 edd.
802 5542 916 5592 Redisse
936 5544 1004 5596 entis
1022 5547 1117 5592 notum
1136 5548 1188 5594 est.
