3625 7050
437 1232 518 1286 cxi.
538 1248 620 1284 cnorr
635 1248 753 1285 ovnmru
767 1246 803 1282 an
817 1247 932 1282 trannin.
946 1247 1097 1284 evenerum
1111 1249 1153 1282 er.
1168 1249 1194 1283 n.
1210 1240 1242 1282 to.
1257 1248 1317 1283 ocr,
1333 1239 1392 1283 tata.
1484 1217 1556 1291 309

264 1418 387 1467 monstra
409 1407 573 1484 protulerit?
600 1408 737 1465 Phachum
760 1405 858 1463 salute.
896 1407 968 1463 lianc
990 1408 1072 1464 eciam
1096 1406 1198 1484 optime
1220 1407 1309 1468 valere
1331 1409 1407 1485 cupit
1422 1408 1558 1467 Erbanius

263 1513 312 1552 ron
335 1495 386 1551 der
409 1495 484 1550 Tban
507 1492 615 1549 nobilis.

278 1743 421 1779 nonenim.
894 1726 923 1786 2,
1292 1742 1319 1778 n.
1333 1737 1366 1779 to,
1381 1745 1442 1779 ecr.
1455 1743 1480 1778 u.
1490 1738 1549 1779 tato.

711 1882 787 1938 mnu
807 1882 968 1956 [ninam
989 1885 1015 1940 s.
1030 1884 1059 1939 e.
1074 1884 1103 1940 n.

242 2030 254 2069 ⁵
349 2022 420 2085 bue,
450 2020 564 2077 blartine
586 2019 885 2099 venerandeidemque
907 2020 973 2077 mibi
995 2020 1166 2085 charissime,
1196 2022 1301 2081 lirinum
1331 2025 1357 2081 in
1386 2032 1412 2080 te
1440 2022 1614 2081 amoremid·

264 2126 352 2165 meum
376 2106 549 2167 custodiunt,
573 2105 646 2178 quod
667 2121 770 2159 summa
787 2103 969 2160 familiaritate
985 2105 1124 2162 Erliordiae
1138 2107 1218 2163 bouis
1233 2109 1338 2166 artibus
1354 2110 1433 2165 simul
1450 2127 1559 2183 operam

263 2193 386 2250 dedimus
410 2200 489 2247 aetate
514 2189 635 2250 iuvenili,
659 2190 732 2263 quod
755 2196 863 2262 tempus
890 2190 962 2245 inter
985 2190 1087 2246 similes
1110 2210 1200 2248 mores
1223 2194 1358 2251 artissima
1387 2190 1560 2251 fundamenta

264 2276 392 2334 amiciciae
415 2276 545 2337 collocat,
569 2275 666 2330 deinde
689 2275 760 2347 quod
786 2284 812 2330 te
834 2273 964 2329 babemus
988 2283 1040 2331 tam
1064 2278 1203 2349 egregium
1219 2279 1389 2336 defensorem
1406 2277 1561 2353 rectae‘pie-

265 2363 343 2425 tatis,
375 2378 455 2434 quam
480 2367 583 2414 tautum
607 2359 731 2433 protegis
754 2358 850 2434 clypeo
872 2360 1016 2433 scripturae
1038 2369 1168 2435 quantum
1191 2373 1325 2419 conantur
1351 2365 1396 2420 alii
1419 2381 1467 2437 spe
1489 2363 1558 2420 lueri

235 2446 433 2502 ¹⁰subvertere.
467 2443 526 2512 Quo
549 2444 631 2500 litut
654 2444 700 2518 qui
723 2451 778 2499 tam
801 2444 883 2517 longe
905 2444 1013 2507 absum,
1037 2447 1137 2521 saepius
1160 2456 1248 2503 tecum
1270 2448 1425 2523 colloquar,
1449 2449 1558 2522 iungam
1568 2450 1613 2500 §.a

264 2531 401 2592 dextram.
431 2531 464 2586 de
488 2538 514 2585 te
537 2530 683 2591 somniem,
715 2547 793 2602 qnam
817 2529 834 2584 ii
859 2547 928 2602 quos
956 2548 1044 2604 prope
1065 2531 1163 2596 babes;
1197 2533 1223 2588 in
1246 2551 1299 2607 qna
1322 2552 1351 2589 re
1373 2534 1486 2590 Hessum
1509 2550 1558 2588 no·

266 2625 352 2672 strum
385 2622 483 2671 testem
511 2614 595 2677 lacio,
625 2614 770 2687 utriusque
799 2622 923 2670 nostrum
951 2616 1023 2689 apud
1050 2625 1076 2672 te
1101 2614 1239 2690 legatione
1262 2618 1435 2691 iungentem:
1468 2622 1559 2674 movet

265 2701 335 2756 enim
359 2717 417 2762 me,
439 2699 567 2762 Martiae,
591 2706 680 2755 movet
702 2699 887 2755 controversia
911 2717 990 2772 quarn
1015 2700 1063 2757 tibi
1090 2703 1262 2759 concitarunt
1290 2721 1350 2759 cum
1378 2702 1471 2759 multis
1498 2700 1558 2760 aliis

265 2785 289 2840 in
312 2794 398 2860 caput
420 2792 496 2840 tuum
519 2785 709 2858 conspirantes
724 2783 913 2839 bomirrieistae.
953 2793 980 2840 et
1003 2786 1054 2840 nisi
1077 2786 1241 2860 contigisses
1263 2786 1391 2843 divinitus
1414 2788 1476 2845 huie
1498 2791 1613 2843 eor-ra.

227 2875 348 2945 ¹trupto
371 2868 486 2930 saeculo.
517 2877 548 2925 ut
574 2877 602 2926 te
628 2869 788 2942 magistrum
814 2869 946 2925 doctrinae
968 2870 1127 2926 Christiana
1157 2879 1281 2928 tueretur
1302 2872 1418 2929 caelestis
1439 2874 1558 2935 dextera,

263 2955 313 3011 iam
338 2972 354 3011 a
377 2953 458 3011 nobis
486 2972 561 3010 esses
582 2953 759 3010 declamatus:
795 2959 887 3009 tantus
916 2954 1026 3011 illorum
1055 2955 1132 3011 luror
1159 2965 1202 3012 est
1230 2958 1276 3030 qui
1304 2958 1455 3015 doctrinam
1482 2974 1558 3013 suam

262 3058 344 3114 quam
370 3035 500 3110 Χριστοῦ
523 3038 627 3095 malunt
649 3038 772 3112 probari:
797 3047 870 3093 tanta
886 3037 1025 3095 ilbomana
1047 3040 1175 3102 avaricia.
1201 3040 1206 3114 Ι
1231 3050 1260 3097 ut
1283 3042 1356 3098 mille
1371 3044 1466 3099 veneni
1488 3035 1495 3122 Ι
1508 3047 1625 3119 sot3121.

260 3125 361 3182 modos
385 3142 416 3180 ac
438 3124 608 3198 proditiones
631 3124 763 3184 inveniat,
787 3123 833 3178 ubi
857 3122 921 3196 qnid
945 3124 1021 3181 luero
1044 3125 1137 3182 oitieit.
1182 3126 1247 3183 Cum
1270 3124 1296 3182 in
1310 3126 1451 3184 Germania
1473 3129 1616 3185 adnuet-⁴.

258 3226 368 3271 essem.
393 3209 512 3265 nondum
535 3208 654 3265 auditum
678 3216 735 3263 erat
760 3215 878 3264 restrum
902 3208 967 3265 illud
983 3210 1112 3267 Punicum
1135 3210 1252 3273 bellum:
1281 3229 1353 3268 anno
1369 3220 1432 3286 post
1447 3212 1560 3269 lacobus

225 3293 371 3356 ²¹Fuxus,
397 3300 459 3348 tnus
482 3293 546 3349 item
570 3292 716 3366 singularis
739 3300 886 3366 patronus.
910 3294 972 3348 dnm
994 3295 1068 3351 Petri
1090 3295 1182 3351 limina
1204 3297 1327 3353 risitaret
1349 3315 1381 3353 er
1404 3305 1481 3359 rote,
1504 3297 1560 3372 pri·

253 3396 337 3437 mum
362 3378 489 3433 nnncium
511 3385 663 3452 emptorum
686 3395 823 3433 armornm
846 3377 954 3441 attulit;
987 3380 1104 3453 primum
1126 3389 1215 3436 autem
1239 3382 1311 3455 quod
1340 3382 1365 3437 in
1394 3399 1489 3437 maniis
1512 3400 1560 3439 uo·

253 3474 336 3521 siras
360 3463 499 3537 persenit,
524 3472 583 3518 erat
604 3462 732 3536 Dialogus
755 3461 877 3517 Silvestri
901 3463 1033 3538 Theologi
1057 3466 1141 3527 acuti.
1166 3467 1320 3521 scommatis
1343 3466 1499 3541 salibusque
1522 3467 1561 3525 ic·

250 3548 355 3608 liciter
379 3549 496 3609 utentis,
523 3548 558 3603 ita
582 3556 612 3603 nt
635 3549 740 3604 terreos
763 3555 827 3603 tues
850 3566 933 3603 nasos
955 3560 1136 3613 commoveat,
1159 3552 1201 3608 oui
1225 3560 1317 3625 partes
1340 3552 1493 3626 pontificias
1514 3554 1560 3610 de·

250 3633 389 3692 tendenti
418 3650 465 3688 sua
494 3640 592 3706 sponte
623 3631 709 3688 inlinit
736 3634 844 3687 veritas.
893 3634 960 3688 Post
989 3634 1055 3690 illud
1082 3654 1194 3694 acurnen
1223 3636 1306 3692 mittit
1334 3636 1414 3695 nobis
1439 3638 1616 3694 Andreasta.

225 3718 357 3776 ⁵Fuxus
385 3717 503 3773 decanus
525 3717 757 3791 babenbergensis
781 3726 856 3773 tuum
878 3719 1101 3776 commentarium
1132 3722 1157 3775 in
1180 3720 1331 3794 disputatas
1359 3721 1558 3784 conclusiones,

244 3803 361 3862 deinde
390 3802 604 3875 disputacionem
632 3803 847 3875 Augustensem,
877 3821 938 3876 (prae
961 3804 1049 3859 omnia
1071 3822 1085 3859 a
1108 3805 1187 3860 nobis
1216 3804 1336 3878 perlecta
1362 3806 1438 3861 avide
1461 3805 1559 3862 multo·

245 3905 381 3961 ruuique
404 3887 551 3955 doctorum
569 3887 708 3942 horninnnr
731 3886 854 3942 manibus
876 3889 994 3942 contrita
1017 3888 1154 3945 naamam·
1174 3906 1284 3962 quoque
1309 3888 1471 3963 legavimus,
1503 3908 1558 3962 quo

243 3974 360 4031 salsam
385 3972 418 4026 de
442 3979 468 4027 te
490 3989 540 4046 per
562 3971 647 4027 malos
670 3971 793 4027 homines
815 3971 979 4044 divulgatam
1002 3972 1098 4028 lanium
1124 3974 1364 4047 supprimeremus.
1409 3973 1559 4047 Oportebat
1570 3975 1615 4026 §d-

243 4058 311 4117 ista
338 4064 449 4113 secreto
472 4056 545 4118 beri,
575 4064 605 4111 ut
627 4057 751 4112 venirent
774 4057 799 4111 in
823 4073 918 4111 roanos
947 4055 1098 4128 legencium
1127 4058 1185 4113 sine
1213 4058 1322 4114 nomine
1350 4058 1497 4121 mittentis.
1526 4077 1560 4117 nc

832 4188 998 4199 ——.

242 4240 400 4294 CXXXX.
408 4240 433 4288 2.
452 4238 476 4288 Α
492 4258 527 4286 =
544 4239 610 4289 cod.
628 4238 710 4310 Goth.
732 4239 778 4289 cit.
798 4238 856 4289 foll.
877 4237 1008 4289 itt...1a·.
1078 4240 1140 4288 2:
1153 4237 1248 4306 [Micg]
1261 4242 1381 4291 Menum.
1396 4242 1511 4307 pictatia
1524 4242 1561 4294 11.

241 4342 277 4392 p,
299 4322 413 4377 13...17.
450 4325 590 4389 Integram
614 4323 774 4373 exhibemus
797 4324 1005 4374 memorabilem
1029 4325 1189 4389 epistulam,
1216 4328 1341 4391 quemvis
1360 4327 1393 4377 de
1412 4328 1473 4392 ipse
1491 4328 1561 4376 Hut·

242 4419 326 4465 temo
347 4409 420 4460 nibil
438 4409 554 4469 habeat,
575 4414 631 4457 tum
651 4408 722 4473 quod
741 4408 775 4457 ad
794 4408 904 4458 Crotrrm
917 4410 1122 4474 Lntherumquc
1141 4412 1357 4475 pernoscendum
1377 4413 1488 4462 maximi
1506 4429 1562 4462 mo-

241 4496 351 4549 menti
377 4497 434 4556 eat,
459 4498 517 4542 tum
540 4493 611 4557 qnod
635 4509 651 4541 a
669 4493 775 4558 blicgio
799 4494 839 4542 ita
864 4501 991 4559 corrupte
1016 4494 1160 4559 public-ata
1179 4501 1235 4557 est,
1259 4502 1290 4546 ut
1307 4496 1440 4547 lectorem
1459 4495 1561 4562 ubique

870 4585 960 4627 vexet.

330 4714 338 4747 ¹
360 4713 495 4779 optimum
509 4716 534 4760 2.
617 4711 793 4763 Eberhardus
812 4727 861 4765 aton
878 4720 920 4765 brt
938 4717 1035 4777 tbou2.
1073 4716 1105 4763 In
1124 4716 1180 4764 eod.
1199 4714 1271 4776 infra
1293 4721 1374 4765 tantm
1392 4712 1485 4777 Charin
1508 4732 1560 4764 rer.

238 4818 326 4854 man.
339 4800 432 4863 posuit
449 4810 497 4849 nott
513 4804 556 4849 brt
574 4794 657 4859 biart.
689 4798 721 4846 In
740 4796 819 4845 album
838 4800 977 4847 ucameon'n¹
995 4799 1164 4863 thtenberp.
1183 4797 1263 4860 (edid.
1278 4800 1445 4849 Fdratemann
1460 4817 1488 4864 ρ.
1504 4800 1561 4858 42.)

237 4885 406 4948 inscriptus
424 4888 462 4931 eat
480 4881 682 4942 „Errerhnrdns
701 4898 754 4931 von
773 4882 822 4931 der
839 4882 920 4932 Than
938 4882 1118 4948 Hcrbipolen.
1137 4883 1209 4932 dioc,
1227 4883 1267 4933 VI
1284 4883 1345 4932 idue
1365 4883 1493 4947 augusti'
1511 4884 1561 4932 aab

237 4971 410 5023 rectoretu
428 4965 554 5015 Vdolrici
571 4965 662 5015 Erbar
673 4966 729 5016 ΑΑ.
745 4972 773 5015 et
784 4966 856 5016 Med.
871 4968 904 5016 D.
921 4983 945 5016 a.
961 4965 1035 5016 1515.
1452 4961 1459 4974 “

330 5050 343 5082 ⁴
368 5050 415 5099 Ita
432 5051 457 5099 d.
470 5054 487 5099 t.
500 5051 556 5100 ced.
577 5051 616 5100 De
633 5054 852 5115 superscriptione
869 5054 927 5101 eide
945 5052 982 5100 ud
996 5054 1114 5114 proemia
1126 5054 1283 5115 superiorem
1301 5068 1342 5116 ep.
1356 5054 1444 5103 adnot.
1459 5068 1481 5103 e.
1496 5069 1520 5103 e.
1535 5070 1562 5103 u.

239 5143 335 5191 anuto
355 5139 505 5200 ep.tepitur
523 5136 582 5183 inl.
658 5133 807 5200 ⁵itemque
826 5137 894 5185 mihi
913 5135 1111 5185 clarissimet.
1188 5136 1392 5187 “Erferdiaez
1454 5135 1561 5187 'arsit

240 5226 314 5278 eod.
330 5219 494 5271 arctissima
508 5223 533 5268 2.
598 5220 619 5253 ¹⁰
637 5222 738 5286 aaepies
751 5225 776 5269 2.
837 5218 855 5251 ¹¹
875 5218 914 5285 re]
934 5222 974 5271 Te
986 5223 1013 5268 2.
1066 5217 1193 5285 Heasum]
1208 5222 1339 5270 Ioannem
1351 5221 1562 5289 Norimbergen·

242 5324 334 5369 uem,
355 5320 413 5354 non
431 5304 583 5354 Eobnnum.
637 5304 658 5337 ¹²
674 5312 819 5372 utrumqne
832 5309 857 5356 2.
911 5302 933 5337 ¹⁴
951 5306 1115 5370 contigisset
1127 5309 1152 5353 2.
1205 5303 1226 5335 ¹¹
1244 5302 1372 5370 declam]
1391 5306 1563 5357 orationibus

247 5388 440 5446 funebribus.
501 5388 522 5422 ¹⁷
541 5391 662 5440 avnmlia
679 5396 711 5439 ut
728 5390 803 5441 mille
822 5390 923 5441 veneni
943 5405 976 5438 ac
995 5390 1158 5455 proditionis
1176 5388 1270 5438 medos
1288 5389 1344 5438 inv,
1358 5393 1382 5438 2.
1454 5389 1475 5422 ¹⁸
1492 5392 1563 5441 lucri

250 5477 398 5531 afficiet.
457 5472 477 5505 ¹¹
497 5480 639 5541 ceptorum
651 5476 685 5525 A.
700 5479 725 5523 2.
783 5474 805 5507 ¹¹
824 5475 960 5540 Sylveetri
972 5477 997 5522 2.
1064 5474 1197 5525 scematis
1216 5476 1274 5524 eod.
1287 5481 1313 5524 et
1326 5476 1351 5522 2.
1421 5473 1443 5506 ὓ
1460 5474 1562 5542 Fuxue]

253 5565 353 5615 fimus
371 5560 421 5608 aed
438 5560 522 5609 deletu
539 5559 548 5608 l
565 5562 623 5609 cod.
653 5560 753 5628 Tripuri
766 5561 792 5611 2.
844 5558 867 5593 ¹⁹
886 5559 960 5610 istud
972 5560 999 5609 2.
