3625 7050
462 1223 558 1278 CXXI.
578 1239 682 1277 scaeui
696 1235 1135 1280 nor.nnnnvn.cnuece1runr.
1154 1236 1179 1273 u.
1195 1226 1215 1271 1.
1229 1235 1288 1272 nar.
1305 1226 1363 1271 tola.
1483 1202 1557 1277 265

285 1514 417 1552 norasu.
849 1475 989 1555 CXXI.
1257 1445 1262 1452 .
1377 1502 1395 1542 1.
1409 1511 1468 1545 nii.
1484 1503 1543 1544 ure.

261 1568 456 1581 ———-=—-—
1354 1565 1562 1577 ——-——

697 1669 983 1713 nereeannrasnro
1008 1668 1134 1710 nonme

562 1755 600 1803 1).ι
620 1752 831 1804 LAVRENTIO
855 1751 1044 1803 CAMPEGIO
1069 1752 1268 1803 canentum

660 1840 811 1898 nnasnvs
833 1841 1075 1901 nornnonnnvs
1097 1841 1123 1897 S.
1143 1841 1171 1897 l).

239 1989 256 2029 ⁵
356 1978 588 2036 Reverendisslmc
610 1978 731 2040 domium
755 1979 885 2034 virtutum
909 1987 1016 2034 tuarum
1033 1978 1180 2052 insignium
1196 1987 1223 2035 et
1239 1979 1401 2036 eruditionis
1418 1979 1563 2036 rarissimae

269 2065 342 2124 lama
370 2063 550 2121 inllammatus
577 2063 629 2119 iam
657 2063 759 2136 pridem
788 2065 877 2136 gestio
907 2072 933 2120 tc
962 2071 990 2119 et
1012 2080 1094 2119 nosse
1123 2065 1235 2139 propius
1264 2073 1291 2120 et
1318 2082 1408 2122 coram
1441 2065 1563 2121 adorare.

271 2191 556 2207 ..........
579 2166 672 2204 verum
696 2166 730 2204 nc
758 2148 834 2204 nullo
863 2148 971 2204 interim
1001 2158 1163 2222 argnrnento
1191 2150 1355 2206 declararem
1385 2169 1470 2207 meam
1499 2167 1563 2223 erga

270 2235 302 2292 ll.
324 2234 352 2290 b.
377 2234 407 2289 Τ.
436 2233 516 2289 aninri
545 2233 770 2307 propensionem,
805 2234 883 2290 mitto
912 2234 1013 2290 Noctem
1048 2235 1249 2298 Testamentum
1281 2237 1386 2309 magnis
1419 2235 1564 2292 sudoribus

270 2319 362 2376 denno
385 2337 401 2375 e
423 2336 465 2374 mc
487 2318 672 2391 recognitum.
696 2319 769 2391 ‹pirod
792 2319 818 2374 S.
841 2319 867 2373 n.
889 2318 919 2373 N.
941 2318 1026 2374 Leoni
1047 2319 1165 2375 ‹licattmr
1187 2320 1272 2393 ipsius
1294 2320 1406 2376 hortatu
1428 2322 1454 2377 in
1478 2321 1564 2376 lue-em

232 2404 365 2465 roemisi,
390 2396 615 2477 quemadmodum
639 2402 712 2458 illius
727 2403 810 2458 Breve
833 2411 951 2459 testatur
973 2403 1093 2459 additum
1116 2404 1143 2459 in
1166 2404 1257 2477 operis
1280 2405 1459 2478 frontispicio.
1498 2404 1564 2460 lluic

271 2488 351 2545 initio
381 2487 564 2544 reclamabant
594 2488 716 2561 qnidam.
745 2489 791 2543 sed
820 2487 865 2561 qui
893 2496 940 2543 aut
968 2505 1021 2542 riou
1051 2487 1177 2561 legebant
1207 2497 1253 2544 aut
1283 2506 1336 2543 non
1360 2489 1562 2562 intelligebant;

271 2590 345 2631 nunc
367 2571 569 2646 amplectuntur
592 2589 685 2629 curiles
708 2573 828 2645 exceptis
851 2572 1020 2646 paucissimis
1044 2591 1113 2644 quos
1136 2573 1220 2647 pudet
1243 2573 1411 2647 resipiscere.
1456 2574 1487 2628 lli
1503 2573 1564 2628 md·

271 2657 328 2714 lum
352 2675 407 2713 non
430 2665 538 2713 movent
560 2655 689 2731 lapidem,
713 2665 744 2712 nt
766 2657 851 2713 bonas
873 2657 968 2713 literas
991 2657 1090 2730 passim
1108 2659 1315 2714 rellorescentcs
1331 2648 1502 2732 opprimant;
1531 2658 1563 2713 ed

271 2742 299 2799 id
315 2742 473 2817 splendidos
487 2750 650 2815 praetexunt
672 2741 782 2804 titulos,
806 2742 948 2798 haerescon
970 2741 1201 2815 profligationem,
1225 2743 1347 2799 ecclesiae
1367 2744 1562 2803 defensionem.

239 2845 335 2886 ascum
353 2826 425 2901 milri
445 2826 525 2882 crede
552 2825 634 2899 longe
656 2825 728 2882 aliud
750 2835 855 2899 agatur.
900 2826 963 2881 blihi
991 2834 1066 2881 certe
1097 2827 1178 2882 rebus
1208 2827 1333 2882 omnibus
1361 2828 1469 2884 omissis
1498 2826 1565 2883 illud

273 2912 354 2969 unice
377 2911 468 2966 studio
492 2911 558 2974 luit,
589 2918 620 2966 ul
650 2929 739 2967 arreum
768 2911 936 2985 ingeniolum
964 2911 1016 2967 lioc
1042 2918 1070 2966 ct
1099 2910 1303 2985 qualescunque
1325 2911 1442 2968 literulae
1464 2911 1564 2967 Christi
1649 2973 1654 2983 ¹

272 2996 372 3072 gloriae
393 2995 525 3052 servirent
547 3013 578 3051 ac
600 2996 721 3052 ecclcsiae
743 2997 905 3052 commodis:
935 2996 1016 3051 leonto
1033 3004 1121 3051 tamen
1138 3015 1213 3060 snut,
1236 2995 1289 3052 labi
1313 3015 1438 3070 possum:
1468 2996 1565 3070 quodsi

272 3080 403 3138 iudicium
425 3078 521 3136 alicubi
544 3081 644 3142 delent,
671 3081 775 3136 animus
797 3089 871 3137 certe
894 3089 986 3136 rectus
1008 3098 1063 3136 nou
1085 3082 1179 3136 ileluit.
1225 3081 1350 3138 omnibus
1373 3099 1451 3138 nemo
1475 3083 1565 3138 becte-

272 3183 325 3223 nns
349 3165 465 3240 placuit:
498 3165 562 3220 mibi
585 3166 652 3221 satis
674 3173 716 3220 cst
739 3166 811 3239 quod
842 3166 952 3240 optimis
981 3165 1134 3238 quibusque
1156 3166 1259 3240 placeo.
1305 3166 1355 3222 Sed
1384 3167 1443 3222 ride
1472 3183 1565 3240 ‹primso

241 3250 522 3325 uperrersissimam,
551 3249 605 3305 imo
629 3249 839 3323 ingratissimam
863 3250 1031 3323 (plorandam
1055 3251 1201 3307 maliciam:
1232 3252 1313 3306 diffisi
1336 3251 1413 3306 libris
1435 3258 1462 3307 et
1485 3268 1566 3321 argu·

272 3335 375 3393 mentis
398 3334 505 3408 quidam
533 3335 719 3408 sycophantiis
741 3336 953 3408 aggrediuntur:
993 3335 1119 3408 quicquid
1148 3337 1240 3408 prodit
1269 3336 1438 3398 libellorum,
1467 3335 1566 3408 quibus

271 3420 327 3477 boc
350 3428 474 3493 tempore
497 3419 604 3493 quidam
626 3419 737 3475 nimium
760 3419 874 3475 licenter
896 3419 1006 3481 ludunt,
1030 3420 1095 3475 mibi
1111 3421 1274 3493 impingunt.
1310 3421 1453 3476 Prodierat
1467 3437 1565 3481 neno,

271 3522 335 3562 nam
359 3504 447 3560 isest
469 3502 553 3559 libelli
576 3504 714 3561 cniusdam
737 3503 833 3562 ludicri
851 3504 962 3566 titulus:
991 3521 1079 3561 meum
1102 3522 1162 3562 esse
1185 3505 1431 3569 calumniabantur,
1455 3513 1482 3561 et
1505 3524 1567 3579 per-

270 3597 430 3651 suaserant,
460 3589 487 3643 ni
515 3598 596 3645 autor
625 3590 711 3645 iratus
741 3589 792 3645 sibi
819 3608 898 3646 suum
927 3608 995 3663 opus
1026 3590 1195 3646 vindicasset.
1249 3592 1370 3647 exierant
1397 3593 1566 3649 nersro'un:

227 3675 399 3749 esquaedam
422 3673 555 3738 ridicultm
587 3691 642 3730 non
664 3675 776 3731 deerant
799 3677 844 3748 qui
868 3692 910 3731 me
932 3675 1056 3729 adiutore
1079 3675 1194 3748 scriptas
1216 3677 1381 3732 dictitarent..
1426 3683 1566 3750 postremo

273 3760 386 3834 prodiit'
399 3758 493 3815 nescio
516 3758 615 3831 quibus
637 3759 730 3814 avibus
753 3777 822 3833 opus
845 3760 951 3814 blartini
966 3760 1093 3814 Lutlreri:
1124 3768 1205 3814 ariter
1227 3760 1292 3815 mihi
1315 3769 1369 3815 tam
1392 3761 1502 3832 ignotus
1525 3767 1567 3814 est

273 3861 357 3919 quam
381 3842 426 3917 qui
450 3843 569 3900 omnium
593 3843 793 3915 ignotissimam,
818 3844 916 3899 librum
940 3844 1058 3899 nondum
1083 3843 1202 3920 perlegi!
1225 3854 1253 3900 et
1277 3851 1364 3898 tamen
1384 3845 1462 3899 initio
1478 3861 1568 3900 rneum
1670 3841 1672 3844 ’

273 3938 336 3986 esse
364 3927 537 3989 dictitabant.
571 3944 632 3983 crim
661 3927 717 3984 illic
744 3947 792 3985 nec
821 3946 890 3984 uum
919 3927 1041 4000 apiculus
1070 3928 1104 3982 sit
1135 3945 1220 3983 meus.
1274 3927 1376 3983 llurnm
1408 3946 1469 3983 cum
1501 3927 1567 3982 nibil

274 4014 365 4070 adbuc
387 4012 530 4087 procedat,
555 4012 612 4086 ipsa
635 4030 664 4068 re
687 4014 841 4069 revincente
864 4012 1045 4074 mendacium,
1071 4029 1207 4068 ornnoer
1230 4013 1368 4068 cuiusdam
1385 4012 1567 4085 suspicionem

225 4098 342 4160 semibi
366 4097 518 4154 moliuntur
540 4097 704 4172 impingere:
738 4099 775 4159 is,
800 4105 829 4153 nt
852 4116 883 4152 en
906 4104 1068 4169 argumento
1091 4098 1157 4152 satis
1179 4105 1303 4158 constat,
1333 4097 1452 4170 scriptus
1475 4104 1517 4152 est
1540 4096 1567 4150 in

276 4182 369 4239 odium
397 4182 451 4237 divi
477 4180 537 4236 lulii
566 4182 702 4256 pontilicis
733 4182 838 4237 inanimi
865 4182 1018 4237 schismatis
1047 4189 1183 4255 tempore;
1216 4183 1263 4237 sed
1286 4200 1300 4237 a
1323 4199 1393 4254 qtae,
1422 4182 1568 4243 incertum:

275 4275 339 4323 ante
363 4266 484 4340 quinque
506 4284 592 4322 annos
614 4267 755 4339 degustari
778 4268 867 4323 verius
890 4284 970 4340 quam
993 4266 1063 4339 legi;
1093 4276 1155 4340 post
1175 4267 1284 4341 repperi
1300 4267 1326 4322 in
1342 4267 1482 4322 Gennania
1498 4266 1570 4339 apud

276 4352 411 4427 quosdam
433 4351 614 4424 descriptum,
643 4352 691 4408 sed
714 4352 794 4408 variis
818 4352 914 4408 titulis.
958 4351 1066 4424 quidam
1091 4352 1260 4407 testabantur
1281 4351 1392 4425 llispani
1419 4351 1569 4426 cuiuspiam

277 4534 374 4585 cxxi.
419 4531 634 4583 1...5=1nme.
654 4534 784 4599 osningi.
799 4550 824 4583 11.
839 4534 946 4594 sees.
1009 4532 1203 4599 upaorsq.
1266 4495 1593 4600 eppausqnnn

433 4616 461 4676 3)
479 4632 506 4682 p.
517 4615 574 4666 aet.
589 4633 629 4680 sq.
678 4618 704 4681 l)
724 4635 749 4683 p.
763 4616 938 4682 arescunt.
950 4617 970 4666 l.
1007 4617 1033 4679 5)
1054 4617 1230 4683 οοΙΙ.436.ει(].
1243 4635 1269 4668 n.
1281 4635 1408 4668 ccccxv1.

342 4785 355 4818 ¹
373 4801 486 4836 nemu).
505 4790 605 4838 animer.
619 4789 694 4837 2...5.
759 4786 770 4817 ⁶
788 4784 897 4850 steven]
916 4789 1025 4837 Eximie
1039 4791 1113 4840 2...5.
1174 4786 1185 4818 Β
1204 4783 1307 4851 mmm]
1327 4792 1355 4836 te
1368 4791 1443 4837 2...5.
1456 4786 1570 4851 —srem

276 4872 492 4923 dominationem
515 4874 602 4936 tuem)
671 4873 681 4903 ⁹
701 4887 723 4921 s.
736 4888 761 4921 n.
775 4870 812 4937 sc]
837 4871 962 4937 pontifici
980 4877 1054 4921 2...5.
1076 4900 1108 4907 -
1126 4871 1313 4935 (sanctissimo
1335 4872 1444 4920 domino
1467 4870 1571 4934 nostro)

277 4955 298 4988 ¹⁵
316 4971 399 5022 quum
417 4955 491 5008 2...5.
510 4960 590 5007 etsie
608 4960 707 5023 inaqq.
765 4954 787 4989 ²⁰
805 4959 885 5007 immo
905 4959 962 5005 45,
1022 4957 1157 5007 malitiam
1176 4958 1232 5004 Μ.
1290 4953 1312 4985 ²⁴
1330 4946 1472 5006 erector-2.
1492 4959 1572 5005 etsie

275 5047 302 5090 tn
318 5057 377 5107 sqq.
445 5041 626 5093 vendicasset
645 5044 719 5092 3...5.
789 5040 943 5106 nemaeum]
968 5043 1144 5092 obscurorum
1161 5042 1244 5090 viror.
1314 5038 1336 5071 ²⁸
1358 5042 1395 5089 Μ.
1415 5042 1530 5091 Lutbcri
1545 5044 1569 5090 1.

275 5123 298 5156 ¹⁸
317 5124 422 5189 Dialopi
439 5126 544 5182 ‘luctet
564 5130 606 5192 qui
623 5132 671 5177 turn
690 5145 713 5177 a.
730 5125 802 5177 1513.
821 5128 956 5191 prodierat
976 5124 1100 5186 Flarrsto)
1113 5123 1288 5187 A(ndrelino)
1302 5125 1508 5188 lloroliviensi)
1526 5142 1570 5174 au-

274 5216 358 5260 ctore.
395 5208 459 5258 Sunt
482 5215 525 5275 qul
545 5211 669 5276 hodieque
691 5214 805 5263 Ilutteno
829 5211 990 5270 deterrebant,
1020 5228 1068 5260 non
1091 5215 1192 5261 metiore
1215 5213 1270 5258 itere
1293 5226 1365 5273 quam
1384 5209 1502 5259 Erusmo.
1539 5210 1572 5258 In

275 5293 468 5343 Eraemicurum
485 5310 543 5359 epp.
563 5311 587 5344 a.
608 5294 680 5345 1521.
702 5296 888 5360 publicatarum
912 5299 1028 5358 exemplo
1050 5311 1103 5345 meo
1121 5310 1207 5345 manus
1224 5294 1305 5343 XVI.
1325 5297 1413 5344 saeue·
1434 5296 1572 5358 adscripsit

277 5377 433 5442 ‘Dyslogus
445 5379 586 5429 Hutlieni.¹
601 5406 635 5414 -
648 5380 866 5442 (Memorabilem
882 5396 916 5429 ex
926 5379 1038 5428 'rhomae
1051 5379 1121 5428 Mori
1135 5376 1255 5443 epistole
1268 5377 1303 5426 ad
1315 5379 1477 5428 monachum
1490 5393 1573 5442 quen-

275 5462 341 5512 dam
366 5462 472 5526 scripto
495 5463 666 5528 desumptum
690 5463 780 5513 locum
802 5469 865 5528 poet
888 5465 961 5513 lianc
979 5465 1088 5513 Eresmi
1113 5461 1257 5529 epistolem
1281 5464 1371 5527 repeti
1395 5463 1572 5527 curavimus.)

275 5548 375 5613 Ipsum
392 5545 531 5614 dialogum
550 5554 612 5613 post
630 5549 796 5599 Huttenicos
815 5553 971 5614 repetemus
990 5563 1048 5597 nos.
1101 5545 1124 5579 ³²
1141 5546 1232 5612 reperi
1250 5548 1276 5595 4,
1287 5550 1311 5595 5.
