<?xml version="1.0" encoding="UTF-8"?>
<!DOCTYPE html PUBLIC "-//W3C//DTD XHTML 1.0 Transitional//EN"
    "http://www.w3.org/TR/xhtml1/DTD/xhtml1-transitional.dtd">
<html xmlns="http://www.w3.org/1999/xhtml" xml:lang="en" lang="en">
 <head>
  <title>
</title>
<meta http-equiv="Content-Type" content="text/html;charset=utf-8" />
  <meta name='ocr-system' content='tesseract 3.04.00' />
  <meta name='ocr-capabilities' content='ocr_page ocr_carea ocr_par ocr_line ocrx_word'/>
</head>
<body>
  <div class='ocr_page' id='page_1' title='image "./ulrichihuttenie00huttgoog_0576.png"; bbox 0 0 3625 7050; ppageno 0'>
   <div class='ocr_carea' id='block_1_1' title="bbox 375 1025 389 1052">
    <p class='ocr_par' dir='ltr' id='par_1_1' title="bbox 375 1025 389 1052">
     <span class='ocr_line' id='line_1_1' title="bbox 375 1025 389 1052; baseline 0 0"><span class='ocrx_word' id='word_1_1' title='bbox 375 1025 389 1052; x_wconf 77' lang='lat'><em>0</em></span> 
     </span>
    </p>
   </div>
   <div class='ocr_carea' id='block_1_2' title="bbox 264 1197 1550 1270">
    <p class='ocr_par' dir='ltr' id='par_1_2' title="bbox 264 1197 1550 1270">
     <span class='ocr_line' id='line_1_2' title="bbox 264 1197 1550 1270; baseline -0.003 0"><span class='ocrx_word' id='word_1_2' title='bbox 264 1197 337 1270; x_wconf 73' lang='grc'><em>442</em></span> <span class='ocrx_word' id='word_1_3' title='bbox 374 1210 498 1262; x_wconf 84' lang='lat' dir='ltr'>CCXIII.</span> <span class='ocrx_word' id='word_1_4' title='bbox 512 1224 548 1260; x_wconf 82' lang='lat' dir='ltr'><em>nx</em></span> <span class='ocrx_word' id='word_1_5' title='bbox 559 1223 682 1260; x_wconf 74' lang='lat' dir='ltr'><em>saronas</em></span> <span class='ocrx_word' id='word_1_6' title='bbox 694 1224 814 1260; x_wconf 70' lang='lat' dir='ltr'><em>consuas</em></span> <span class='ocrx_word' id='word_1_7' title='bbox 825 1223 966 1260; x_wconf 79' lang='lat' dir='ltr'><em>oasrrorn</em></span> <span class='ocrx_word' id='word_1_8' title='bbox 976 1225 1012 1260; x_wconf 82' lang='lat' dir='ltr'><em>sn</em></span> <span class='ocrx_word' id='word_1_9' title='bbox 1022 1225 1121 1261; x_wconf 80' lang='lat' dir='ltr'><em>csnon.</em></span> <span class='ocrx_word' id='word_1_10' title='bbox 1133 1225 1196 1262; x_wconf 84' lang='lat' dir='ltr'><em>sva.</em></span> <span class='ocrx_word' id='word_1_11' title='bbox 1205 1227 1258 1262; x_wconf 85' lang='lat' dir='ltr'><em>rao</em></span> <span class='ocrx_word' id='word_1_12' title='bbox 1269 1227 1355 1263; x_wconf 80' lang='lat' dir='ltr'><em>nvrr.</em></span> <span class='ocrx_word' id='word_1_13' title='bbox 1364 1224 1395 1265; x_wconf 79' lang='lat' dir='ltr'><em>rt.</em></span> <span class='ocrx_word' id='word_1_14' title='bbox 1403 1228 1550 1265; x_wconf 79' lang='lat' dir='ltr'><em>sonsvnss.</em></span> 
     </span>
    </p>
   </div>
   <div class='ocr_carea' id='block_1_3' title="bbox 261 1385 1552 1544">
    <p class='ocr_par' dir='ltr' id='par_1_3' title="bbox 261 1385 1552 1544">
     <span class='ocr_line' id='line_1_3' title="bbox 263 1385 1552 1461; baseline 0.002 -18"><span class='ocrx_word' id='word_1_15' title='bbox 263 1405 319 1443; x_wconf 90' lang='lat' dir='ltr'><em>nan</em></span> <span class='ocrx_word' id='word_1_16' title='bbox 342 1385 547 1452; x_wconf 78' lang='lat' dir='ltr'><strong><em>vulnerantur,</em></strong></span> <span class='ocrx_word' id='word_1_17' title='bbox 575 1386 627 1438; x_wconf 88' lang='lat' dir='ltr'><em>sed</em></span> <span class='ocrx_word' id='word_1_18' title='bbox 653 1385 810 1438; x_wconf 88' lang='lat' dir='ltr'><em>irritantur</em></span> <span class='ocrx_word' id='word_1_19' title='bbox 838 1390 866 1438; x_wconf 88' lang='lat' dir='ltr'><em>ct</em></span> <span class='ocrx_word' id='word_1_20' title='bbox 895 1386 968 1440; x_wconf 89' lang='lat' dir='ltr'><em>uires</em></span> <span class='ocrx_word' id='word_1_21' title='bbox 997 1387 1124 1459; x_wconf 80' lang='lat' dir='ltr'><em>triplices</em></span> <span class='ocrx_word' id='word_1_22' title='bbox 1153 1388 1298 1461; x_wconf 83' lang='lat' dir='ltr'><em>recipiunt</em></span> <span class='ocrx_word' id='word_1_23' title='bbox 1320 1389 1488 1445; x_wconf 80' lang='lat' dir='ltr'><em>aduersarii</em></span> <span class='ocrx_word' id='word_1_24' title='bbox 1505 1391 1552 1447; x_wconf 82' lang='lat' dir='ltr'><em>illis</em></span> 
     </span>
     <span class='ocr_line' id='line_1_4' title="bbox 261 1471 974 1544; baseline -0.004 -18"><span class='ocrx_word' id='word_1_25' title='bbox 261 1473 332 1544; x_wconf 87' lang='lat' dir='ltr'><em>ipsis</em></span> <span class='ocrx_word' id='word_1_26' title='bbox 350 1471 435 1542; x_wconf 89' lang='lat' dir='ltr'><em>petiti</em></span> <span class='ocrx_word' id='word_1_27' title='bbox 458 1510 974 1526; x_wconf 80' lang='grc'><strong>......................</strong></span> 
     </span>
    </p>
   </div>
   <div class='ocr_carea' id='block_1_4' title="bbox 723 1699 1095 1718">
    <p class='ocr_par' dir='ltr' id='par_1_4' title="bbox 723 1699 1095 1718">
     <span class='ocr_line' id='line_1_5' title="bbox 723 1699 1095 1718; baseline -0.005 0"><span class='ocrx_word' id='word_1_28' title='bbox 723 1699 1095 1718; x_wconf 43' lang='grc' dir='ltr'><em>ἢ»</em></span> 
     </span>
    </p>
   </div>
   <div class='ocr_carea' id='block_1_5' title="bbox 820 1887 994 1965">
    <p class='ocr_par' dir='ltr' id='par_1_5' title="bbox 820 1887 994 1965">
     <span class='ocr_line' id='line_1_6' title="bbox 820 1887 994 1965; baseline -0.011 0"><span class='ocrx_word' id='word_1_29' title='bbox 820 1887 994 1965; x_wconf 79' lang='lat' dir='ltr'>CCXIII.</span> 
     </span>
    </p>
   </div>
   <div class='ocr_carea' id='block_1_6' title="bbox 848 2067 965 2111">
    <p class='ocr_par' dir='ltr' id='par_1_6' title="bbox 848 2067 965 2111">
     <span class='ocr_line' id='line_1_7' title="bbox 848 2067 965 2111; baseline 0 -2"><span class='ocrx_word' id='word_1_30' title='bbox 848 2067 965 2111; x_wconf 74' lang='lat' dir='ltr'><em>anneto</em></span> 
     </span>
    </p>
   </div>
   <div class='ocr_carea' id='block_1_7' title="bbox 540 2143 1229 2201">
    <p class='ocr_par' dir='ltr' id='par_1_7' title="bbox 540 2143 1229 2201">
     <span class='ocr_line' id='line_1_8' title="bbox 540 2143 1229 2201; baseline 0.001 -6"><span class='ocrx_word' id='word_1_31' title='bbox 540 2146 591 2195; x_wconf 81' lang='lat' dir='ltr'><em>Ab</em></span> <span class='ocrx_word' id='word_1_32' title='bbox 611 2143 787 2201; x_wconf 71' lang='lat' dir='ltr'><em>enabaro!</em></span> <span class='ocrx_word' id='word_1_33' title='bbox 804 2146 1000 2198; x_wconf 76' lang='lat' dir='ltr'><em>allAXIMVM</em></span> <span class='ocrx_word' id='word_1_34' title='bbox 1016 2146 1229 2196; x_wconf 77' lang='lat' dir='ltr'><em>AVGVSTVM</em></span> 
     </span>
    </p>
   </div>
   <div class='ocr_carea' id='block_1_8' title="bbox 703 2225 1102 2338">
    <p class='ocr_par' dir='ltr' id='par_1_8' title="bbox 703 2225 1102 2338">
     <span class='ocr_line' id='line_1_9' title="bbox 703 2225 1102 2286; baseline 0.003 -19"><span class='ocrx_word' id='word_1_35' title='bbox 703 2225 746 2267; x_wconf 76' lang='lat' dir='ltr'><em>ET</em></span> <span class='ocrx_word' id='word_1_36' title='bbox 756 2227 929 2286; x_wconf 78' lang='lat' dir='ltr'><em>GEllblANlAE</em></span> <span class='ocrx_word' id='word_1_37' title='bbox 942 2226 1102 2270; x_wconf 79' lang='lat' dir='ltr'><em>l&#39;lllb&#39;ClPES</em></span> 
     </span>
     <span class='ocr_line' id='line_1_10' title="bbox 880 2296 939 2338; baseline -0.017 0"><span class='ocrx_word' id='word_1_38' title='bbox 880 2296 939 2338; x_wconf 86' lang='lat' dir='ltr'><em>PRO</em></span> 
     </span>
    </p>
   </div>
   <div class='ocr_carea' id='block_1_9' title="bbox 548 2364 1271 2428">
    <p class='ocr_par' dir='ltr' id='par_1_9' title="bbox 548 2364 1271 2428">
     <span class='ocr_line' id='line_1_11' title="bbox 548 2364 1271 2428; baseline 0.001 -14"><span class='ocrx_word' id='word_1_39' title='bbox 548 2364 711 2415; x_wconf 76' lang='lat' dir='ltr'><em>Vanlelio</em></span> <span class='ocrx_word' id='word_1_40' title='bbox 729 2367 757 2415; x_wconf 92' lang='lat' dir='ltr'><em>II</em></span> <span class='ocrx_word' id='word_1_41' title='bbox 762 2369 788 2417; x_wconf 91' lang='lat' dir='ltr'><em>V</em></span> <span class='ocrx_word' id='word_1_42' title='bbox 790 2367 813 2416; x_wconf 76' lang='lat' dir='ltr'><em>T</em></span> <span class='ocrx_word' id='word_1_43' title='bbox 816 2367 911 2418; x_wconf 84' lang='grc' dir='ltr'><em>ΤΕΝΟ</em></span> <span class='ocrx_word' id='word_1_44' title='bbox 928 2367 1023 2428; x_wconf 82' lang='lat' dir='ltr'><em>EQVI</em></span> <span class='ocrx_word' id='word_1_45' title='bbox 1027 2366 1073 2416; x_wconf 80' lang='grc' dir='ltr'><em>ΤΕ</em></span> <span class='ocrx_word' id='word_1_46' title='bbox 1092 2365 1271 2416; x_wconf 73' lang='lat' dir='ltr'><em>oenstnn&#39;o</em></span> 
     </span>
    </p>
   </div>
   <div class='ocr_carea' id='block_1_10' title="bbox 489 2449 1324 2642">
    <p class='ocr_par' dir='ltr' id='par_1_10' title="bbox 489 2449 1324 2642">
     <span class='ocr_line' id='line_1_12' title="bbox 692 2449 1129 2502; baseline 0.002 -4"><span class='ocrx_word' id='word_1_47' title='bbox 692 2449 746 2498; x_wconf 82' lang='lat' dir='ltr'><em>ET</em></span> <span class='ocrx_word' id='word_1_48' title='bbox 760 2450 933 2502; x_wconf 69' lang='lat' dir='ltr'><em>stantiae</em></span> <span class='ocrx_word' id='word_1_49' title='bbox 951 2452 1005 2501; x_wconf 88' lang='lat' dir='ltr'><em>LV</em></span> <span class='ocrx_word' id='word_1_50' title='bbox 1008 2450 1129 2502; x_wconf 83' lang='lat' dir='ltr'><em>THERO</em></span> 
     </span>
     <span class='ocr_line' id='line_1_13' title="bbox 489 2528 1324 2574; baseline 0.001 -3"><span class='ocrx_word' id='word_1_51' title='bbox 489 2528 614 2571; x_wconf 68' lang='lat' dir='ltr'><em>Parata</em></span> <span class='ocrx_word' id='word_1_52' title='bbox 633 2530 673 2570; x_wconf 81' lang='grc' dir='ltr'><em>ΕΤ</em></span> <span class='ocrx_word' id='word_1_53' title='bbox 685 2530 878 2574; x_wconf 75' lang='lat' dir='ltr'><em>CHRISTIANAE</em></span> <span class='ocrx_word' id='word_1_54' title='bbox 890 2530 1075 2574; x_wconf 70' lang='lat' dir='ltr'><em>tessaram</em></span> <span class='ocrx_word' id='word_1_55' title='bbox 1087 2530 1324 2573; x_wconf 73' lang='lat' dir='ltr'><em>Anssnronlst&#39;s</em></span> 
     </span>
     <span class='ocr_line' id='line_1_14' title="bbox 836 2600 984 2642; baseline -0.007 -1"><span class='ocrx_word' id='word_1_56' title='bbox 836 2600 984 2642; x_wconf 73' lang='lat' dir='ltr'><em>At&#39;rtsons</em></span> 
     </span>
    </p>
   </div>
   <div class='ocr_carea' id='block_1_11' title="bbox 591 2672 1211 2744">
    <p class='ocr_par' dir='ltr' id='par_1_11' title="bbox 591 2672 1211 2744">
     <span class='ocr_line' id='line_1_15' title="bbox 591 2672 1211 2744; baseline -0.002 -16"><span class='ocrx_word' id='word_1_57' title='bbox 591 2672 620 2729; x_wconf 90' lang='lat' dir='ltr'><em>S.</em></span> <span class='ocrx_word' id='word_1_58' title='bbox 644 2674 851 2744; x_wconf 78' lang='lat' dir='ltr'><em>ABYDENO,</em></span> <span class='ocrx_word' id='word_1_59' title='bbox 877 2675 1066 2742; x_wconf 80' lang='lat' dir='ltr'><em>CORALLO,</em></span> <span class='ocrx_word' id='word_1_60' title='bbox 1091 2673 1211 2731; x_wconf 85' lang='lat' dir='ltr'><em>GERM.</em></span> 
     </span>
    </p>
   </div>
   <div class='ocr_carea' id='block_1_12' title="bbox 251 2810 1572 4494">
    <p class='ocr_par' dir='ltr' id='par_1_12' title="bbox 251 2810 1572 4494">
     <span class='ocr_line' id='line_1_16' title="bbox 332 2810 1547 2884; baseline -0.001 -17"><span class='ocrx_word' id='word_1_61' title='bbox 332 2810 428 2867; x_wconf 80' lang='lat' dir='ltr'><em>&#39;Scitis</em></span> <span class='ocrx_word' id='word_1_62' title='bbox 455 2827 490 2864; x_wconf 94' lang='lat' dir='ltr'><em>ac</em></span> <span class='ocrx_word' id='word_1_63' title='bbox 512 2813 577 2864; x_wconf 89' lang='lat' dir='ltr'><em>item</em></span> <span class='ocrx_word' id='word_1_64' title='bbox 599 2813 716 2880; x_wconf 76' lang='lat' dir='ltr'><em>experti</em></span> <span class='ocrx_word' id='word_1_65' title='bbox 736 2814 818 2879; x_wconf 89' lang='lat' dir='ltr'><em>estis,</em></span> <span class='ocrx_word' id='word_1_66' title='bbox 842 2815 994 2884; x_wconf 74' lang='lat' dir='ltr'><em>principes</em></span> <span class='ocrx_word' id='word_1_67' title='bbox 1015 2811 1204 2877; x_wconf 75' lang='lat' dir='ltr'><strong><em>invictissimi,</em></strong></span> <span class='ocrx_word' id='word_1_68' title='bbox 1227 2827 1315 2880; x_wconf 76' lang='lat' dir='ltr'><em>atram</em></span> <span class='ocrx_word' id='word_1_69' title='bbox 1339 2811 1500 2866; x_wconf 85' lang='lat' dir='ltr'><em>uilissimum</em></span> <span class='ocrx_word' id='word_1_70' title='bbox 1519 2827 1547 2866; x_wconf 90' lang='lat' dir='ltr'><em>ae</em></span> 
     </span>
     <span class='ocr_line' id='line_1_17' title="bbox 258 2895 1547 2969; baseline -0.002 -16"><span class='ocrx_word' id='word_1_71' title='bbox 258 2898 339 2968; x_wconf 81' lang='lat' dir='ltr'><em>lonpe</em></span> <span class='ocrx_word' id='word_1_72' title='bbox 362 2897 554 2951; x_wconf 80' lang='lat' dir='ltr'><strong><em>miserrimam</em></strong></span> <span class='ocrx_word' id='word_1_73' title='bbox 576 2896 740 2951; x_wconf 82' lang='lat' dir='ltr'><em>seruitutem</em></span> <span class='ocrx_word' id='word_1_74' title='bbox 758 2899 895 2967; x_wconf 80' lang='lat' dir='ltr'><em>perpessi</em></span> <span class='ocrx_word' id='word_1_75' title='bbox 916 2900 1018 2963; x_wconf 88' lang='lat' dir='ltr'><em>simus,</em></span> <span class='ocrx_word' id='word_1_76' title='bbox 1042 2897 1126 2950; x_wconf 78' lang='lat' dir='ltr'><em>arinis</em></span> <span class='ocrx_word' id='word_1_77' title='bbox 1148 2897 1205 2951; x_wconf 86' lang='lat' dir='ltr'><em>iam</em></span> <span class='ocrx_word' id='word_1_78' title='bbox 1222 2895 1332 2961; x_wconf 81' lang='lat' dir='ltr'><em>niultis,</em></span> <span class='ocrx_word' id='word_1_79' title='bbox 1355 2896 1409 2951; x_wconf 88' lang='lat' dir='ltr'><em>sub</em></span> <span class='ocrx_word' id='word_1_80' title='bbox 1424 2898 1547 2969; x_wconf 75' lang='lat' dir='ltr'><em>tyrannis</em></span> 
     </span>
     <span class='ocr_line' id='line_1_18' title="bbox 259 2979 1571 3053; baseline -0.002 -17"><span class='ocrx_word' id='word_1_81' title='bbox 259 2983 443 3053; x_wconf 83' lang='lat' dir='ltr'><em>quibusdam,</em></span> <span class='ocrx_word' id='word_1_82' title='bbox 466 2996 499 3034; x_wconf 92' lang='lat' dir='ltr'><em>eo</em></span> <span class='ocrx_word' id='word_1_83' title='bbox 521 2981 746 3047; x_wconf 77' lang='lat' dir='ltr'><em>crudelioribus,</em></span> <span class='ocrx_word' id='word_1_84' title='bbox 770 2983 847 3051; x_wconf 87' lang='lat' dir='ltr'><em>quod</em></span> <span class='ocrx_word' id='word_1_85' title='bbox 867 2983 919 3037; x_wconf 90' lang='lat' dir='ltr'><em>snb</em></span> <span class='ocrx_word' id='word_1_86' title='bbox 937 2983 1055 3053; x_wconf 88' lang='lat' dir='ltr'><em>pietatis</em></span> <span class='ocrx_word' id='word_1_87' title='bbox 1073 2986 1223 3051; x_wconf 79' lang='lat' dir='ltr'><em>proetextu</em></span> <span class='ocrx_word' id='word_1_88' title='bbox 1245 2986 1272 3034; x_wconf 88' lang='lat' dir='ltr'><em>et</em></span> <span class='ocrx_word' id='word_1_89' title='bbox 1288 2979 1398 3035; x_wconf 86' lang='lat' dir='ltr'><em>Cbristi</em></span> <span class='ocrx_word' id='word_1_90' title='bbox 1410 2984 1571 3045; x_wconf 80' lang='lat' dir='ltr'><em>caducaaa</em></span> 
     </span>
     <span class='ocr_line' id='line_1_19' title="bbox 258 3064 1547 3140; baseline 0 -18"><span class='ocrx_word' id='word_1_91' title='bbox 258 3082 341 3140; x_wconf 86' lang='lat' dir='ltr'><em>quem</em></span> <span class='ocrx_word' id='word_1_92' title='bbox 361 3064 575 3136; x_wconf 70' lang='lat' dir='ltr'><em>preferebant,</em></span> <span class='ocrx_word' id='word_1_93' title='bbox 599 3080 693 3120; x_wconf 89' lang='lat' dir='ltr'><em>meros</em></span> <span class='ocrx_word' id='word_1_94' title='bbox 708 3066 860 3121; x_wconf 78' lang='lat' dir='ltr'><em>anirirles</em></span> <span class='ocrx_word' id='word_1_95' title='bbox 882 3065 1031 3137; x_wconf 78' lang='lat' dir='ltr'><em>referrent</em></span> <span class='ocrx_word' id='word_1_96' title='bbox 1052 3074 1080 3120; x_wconf 85' lang='lat' dir='ltr'><em>et</em></span> <span class='ocrx_word' id='word_1_97' title='bbox 1101 3065 1184 3134; x_wconf 89' lang='lat' dir='ltr'><em>lupos</em></span> <span class='ocrx_word' id='word_1_98' title='bbox 1206 3066 1427 3134; x_wconf 86' lang='lat' dir='ltr'><em>rapacissimos,</em></span> <span class='ocrx_word' id='word_1_99' title='bbox 1450 3067 1547 3122; x_wconf 82' lang='lat' dir='ltr'><em>Roma·</em></span> 
     </span>
     <span class='ocr_line' id='line_1_20' title="bbox 258 3151 1547 3222; baseline -0.002 -13"><span class='ocrx_word' id='word_1_100' title='bbox 258 3151 393 3209; x_wconf 81' lang='lat' dir='ltr'><em>mensibus</em></span> <span class='ocrx_word' id='word_1_101' title='bbox 415 3152 547 3220; x_wconf 81' lang='lat' dir='ltr'><em>inqteam,</em></span> <span class='ocrx_word' id='word_1_102' title='bbox 571 3165 642 3219; x_wconf 82' lang='lat' dir='ltr'><em>quos</em></span> <span class='ocrx_word' id='word_1_103' title='bbox 664 3151 746 3206; x_wconf 89' lang='lat' dir='ltr'><em>bodie</em></span> <span class='ocrx_word' id='word_1_104' title='bbox 770 3158 884 3218; x_wconf 79' lang='lat' dir='ltr'><em>uberent,</em></span> <span class='ocrx_word' id='word_1_105' title='bbox 908 3152 959 3222; x_wconf 82' lang='lat' dir='ltr'><em>qui</em></span> <span class='ocrx_word' id='word_1_106' title='bbox 971 3151 1130 3206; x_wconf 86' lang='lat' dir='ltr'><em>libertatem</em></span> <span class='ocrx_word' id='word_1_107' title='bbox 1146 3156 1289 3216; x_wconf 90' lang='lat' dir='ltr'><em>nostram,</em></span> <span class='ocrx_word' id='word_1_108' title='bbox 1312 3166 1399 3220; x_wconf 86' lang='lat' dir='ltr'><em>quam</em></span> <span class='ocrx_word' id='word_1_109' title='bbox 1416 3152 1463 3207; x_wconf 91' lang='lat' dir='ltr'><em>ille</em></span> <span class='ocrx_word' id='word_1_110' title='bbox 1477 3152 1547 3207; x_wconf 79' lang='lat' dir='ltr'><em>nobis</em></span> 
     </span>
     <span class='ocr_line' id='line_1_21' title="bbox 258 3233 1546 3309; baseline -0.002 -15"><span class='ocrx_word' id='word_1_111' title='bbox 258 3238 373 3293; x_wconf 77' lang='lat' dir='ltr'><em>dominil</em></span> <span class='ocrx_word' id='word_1_112' title='bbox 394 3250 523 3290; x_wconf 88' lang='lat' dir='ltr'><em>summus</em></span> <span class='ocrx_word' id='word_1_113' title='bbox 545 3250 580 3289; x_wconf 90' lang='lat' dir='ltr'><em>oc</em></span> <span class='ocrx_word' id='word_1_114' title='bbox 599 3236 746 3305; x_wconf 87' lang='lat' dir='ltr'><em>piissimus</em></span> <span class='ocrx_word' id='word_1_115' title='bbox 767 3236 923 3309; x_wconf 78' lang='lat' dir='ltr'><em>lepisdator</em></span> <span class='ocrx_word' id='word_1_116' title='bbox 946 3242 1043 3290; x_wconf 90' lang='lat' dir='ltr'><em>noster</em></span> <span class='ocrx_word' id='word_1_117' title='bbox 1065 3233 1210 3301; x_wconf 85' lang='lat' dir='ltr'><em>Cbristus,</em></span> <span class='ocrx_word' id='word_1_118' title='bbox 1238 3236 1397 3290; x_wconf 84' lang='lat' dir='ltr'><em>mendaciis</em></span> <span class='ocrx_word' id='word_1_119' title='bbox 1417 3243 1446 3290; x_wconf 91' lang='lat' dir='ltr'><em>et</em></span> <span class='ocrx_word' id='word_1_120' title='bbox 1467 3240 1546 3309; x_wconf 86' lang='lat' dir='ltr'><em>impo-</em></span> 
     </span>
     <span class='ocr_line' id='line_1_22' title="bbox 257 3319 1545 3392; baseline -0.001 -14"><span class='ocrx_word' id='word_1_121' title='bbox 257 3323 348 3378; x_wconf 89' lang='lat' dir='ltr'><em>sturis</em></span> <span class='ocrx_word' id='word_1_122' title='bbox 370 3321 539 3391; x_wconf 82' lang='lat' dir='ltr'><em>quibusdam</em></span> <span class='ocrx_word' id='word_1_123' title='bbox 563 3322 659 3374; x_wconf 88' lang='lat' dir='ltr'><em>conati</em></span> <span class='ocrx_word' id='word_1_124' title='bbox 679 3319 747 3375; x_wconf 89' lang='lat' dir='ltr'><em>sunl</em></span> <span class='ocrx_word' id='word_1_125' title='bbox 768 3321 934 3376; x_wconf 88' lang='lat' dir='ltr'><em>subuertere</em></span> <span class='ocrx_word' id='word_1_126' title='bbox 958 3361 1087 3374; x_wconf 76' lang='grc'><strong>......</strong></span> <span class='ocrx_word' id='word_1_127' title='bbox 1132 3319 1225 3387; x_wconf 68' lang='lat' dir='ltr'><em>Quium</em></span> <span class='ocrx_word' id='word_1_128' title='bbox 1248 3321 1345 3389; x_wconf 86' lang='lat' dir='ltr'><em>itaque</em></span> <span class='ocrx_word' id='word_1_129' title='bbox 1368 3335 1401 3376; x_wconf 91' lang='lat' dir='ltr'><em>eo</em></span> <span class='ocrx_word' id='word_1_130' title='bbox 1418 3322 1545 3392; x_wconf 85' lang='lat' dir='ltr'><em>prolabe-</em></span> 
     </span>
     <span class='ocr_line' id='line_1_23' title="bbox 258 3402 1572 3475; baseline -0.004 -12"><span class='ocrx_word' id='word_1_131' title='bbox 258 3414 361 3463; x_wconf 78' lang='lat' dir='ltr'><em>rentur</em></span> <span class='ocrx_word' id='word_1_132' title='bbox 388 3421 436 3460; x_wconf 88' lang='lat' dir='ltr'><em>res</em></span> <span class='ocrx_word' id='word_1_133' title='bbox 465 3402 587 3471; x_wconf 72' lang='lat' dir='ltr'><em>nostrie,</em></span> <span class='ocrx_word' id='word_1_134' title='bbox 617 3410 647 3460; x_wconf 91' lang='lat' dir='ltr'><em>ut</em></span> <span class='ocrx_word' id='word_1_135' title='bbox 672 3419 764 3475; x_wconf 80' lang='lat' dir='ltr'><em>neque</em></span> <span class='ocrx_word' id='word_1_136' title='bbox 791 3420 857 3475; x_wconf 89' lang='lat' dir='ltr'><em>spes</em></span> <span class='ocrx_word' id='word_1_137' title='bbox 885 3411 961 3459; x_wconf 86' lang='lat' dir='ltr'><em>esset</em></span> <span class='ocrx_word' id='word_1_138' title='bbox 987 3406 1066 3459; x_wconf 89' lang='lat' dir='ltr'><em>ultra</em></span> <span class='ocrx_word' id='word_1_139' title='bbox 1089 3405 1240 3475; x_wconf 74' lang='lat' dir='ltr'><em>potiundae</em></span> <span class='ocrx_word' id='word_1_140' title='bbox 1269 3405 1427 3472; x_wconf 76' lang='lat' dir='ltr'><em>libertatis,</em></span> <span class='ocrx_word' id='word_1_141' title='bbox 1455 3414 1483 3462; x_wconf 91' lang='lat' dir='ltr'><em>et</em></span> <span class='ocrx_word' id='word_1_142' title='bbox 1503 3419 1572 3460; x_wconf 76' lang='lat' dir='ltr'><em>raa</em></span> 
     </span>
     <span class='ocr_line' id='line_1_24' title="bbox 256 3490 1545 3564; baseline -0.003 -16"><span class='ocrx_word' id='word_1_143' title='bbox 256 3492 355 3564; x_wconf 88' lang='lat' dir='ltr'><em>piendi</em></span> <span class='ocrx_word' id='word_1_144' title='bbox 377 3506 468 3562; x_wconf 82' lang='lat' dir='ltr'><em>neque</em></span> <span class='ocrx_word' id='word_1_145' title='bbox 490 3490 591 3545; x_wconf 88' lang='lat' dir='ltr'><em>modus</em></span> <span class='ocrx_word' id='word_1_146' title='bbox 612 3496 686 3546; x_wconf 88' lang='lat' dir='ltr'><em>esset</em></span> <span class='ocrx_word' id='word_1_147' title='bbox 707 3504 798 3561; x_wconf 83' lang='lat' dir='ltr'><em>neque</em></span> <span class='ocrx_word' id='word_1_148' title='bbox 818 3491 901 3561; x_wconf 77' lang='lat' dir='ltr'><em>finis,</em></span> <span class='ocrx_word' id='word_1_149' title='bbox 921 3490 1105 3560; x_wconf 82' lang='lat' dir='ltr'><em>providentia</em></span> <span class='ocrx_word' id='word_1_150' title='bbox 1127 3490 1253 3560; x_wconf 84' lang='lat' dir='ltr'><em>quadam</em></span> <span class='ocrx_word' id='word_1_151' title='bbox 1275 3496 1304 3544; x_wconf 89' lang='lat' dir='ltr'><em>et</em></span> <span class='ocrx_word' id='word_1_152' title='bbox 1324 3490 1373 3544; x_wconf 89' lang='lat' dir='ltr'><em>dei</em></span> <span class='ocrx_word' id='word_1_153' title='bbox 1393 3495 1452 3562; x_wconf 89' lang='lat' dir='ltr'><em>opt.</em></span> <span class='ocrx_word' id='word_1_154' title='bbox 1474 3507 1545 3547; x_wconf 76' lang='lat' dir='ltr'><em>mas.</em></span> 
     </span>
     <span class='ocr_line' id='line_1_25' title="bbox 256 3576 1546 3648; baseline -0.002 -16"><span class='ocrx_word' id='word_1_155' title='bbox 256 3578 468 3648; x_wconf 78' lang='lat' dir='ltr'><em>dispensatione</em></span> <span class='ocrx_word' id='word_1_156' title='bbox 495 3576 557 3631; x_wconf 78' lang='lat' dir='ltr'><em>ltaec</em></span> <span class='ocrx_word' id='word_1_157' title='bbox 582 3580 654 3629; x_wconf 82' lang='lat' dir='ltr'><em>atas</em></span> <span class='ocrx_word' id='word_1_158' title='bbox 681 3577 753 3631; x_wconf 89' lang='lat' dir='ltr'><em>dnos</em></span> <span class='ocrx_word' id='word_1_159' title='bbox 775 3576 1016 3645; x_wconf 88' lang='lat' dir='ltr'><em>prudentissimos</em></span> <span class='ocrx_word' id='word_1_160' title='bbox 1043 3581 1070 3629; x_wconf 90' lang='lat' dir='ltr'><em>et</em></span> <span class='ocrx_word' id='word_1_161' title='bbox 1096 3576 1339 3645; x_wconf 80' lang='lat' dir='ltr'><em>eloquentissimos</em></span> <span class='ocrx_word' id='word_1_162' title='bbox 1372 3578 1451 3631; x_wconf 79' lang='lat' dir='ltr'><em>viros</em></span> <span class='ocrx_word' id='word_1_163' title='bbox 1477 3578 1546 3633; x_wconf 82' lang='lat' dir='ltr'><em>nobis</em></span> 
     </span>
     <span class='ocr_line' id='line_1_26' title="bbox 252 3659 1546 3737; baseline -0.003 -20"><span class='ocrx_word' id='word_1_164' title='bbox 252 3663 411 3734; x_wconf 73' lang='lat' dir='ltr'><em>producit,</em></span> <span class='ocrx_word' id='word_1_165' title='bbox 434 3659 594 3737; x_wconf 77' lang='lat' dir='ltr'><em>Martinam</em></span> <span class='ocrx_word' id='word_1_166' title='bbox 616 3660 740 3726; x_wconf 82' lang='lat' dir='ltr'><em>Lntber,</em></span> <span class='ocrx_word' id='word_1_167' title='bbox 765 3668 878 3732; x_wconf 85' lang='lat' dir='ltr'><em>proeter</em></span> <span class='ocrx_word' id='word_1_168' title='bbox 899 3661 1036 3731; x_wconf 79' lang='lat' dir='ltr'><em>insipncm</em></span> <span class='ocrx_word' id='word_1_169' title='bbox 1058 3661 1245 3715; x_wconf 86' lang='lat' dir='ltr'><em>eruditionem</em></span> <span class='ocrx_word' id='word_1_170' title='bbox 1267 3661 1350 3713; x_wconf 77' lang='lat' dir='ltr'><em>inires</em></span> <span class='ocrx_word' id='word_1_171' title='bbox 1367 3662 1500 3731; x_wconf 86' lang='lat' dir='ltr'><em>pietatis,</em></span> <span class='ocrx_word' id='word_1_172' title='bbox 1523 3667 1546 3715; x_wconf 87' lang='lat' dir='ltr'><em>et</em></span> 
     </span>
     <span class='ocr_line' id='line_1_27' title="bbox 257 3744 1547 3816; baseline -0.004 -13"><span class='ocrx_word' id='word_1_173' title='bbox 257 3749 379 3803; x_wconf 87' lang='lat' dir='ltr'><em>alterum</em></span> <span class='ocrx_word' id='word_1_174' title='bbox 410 3745 555 3801; x_wconf 85' lang='lat' dir='ltr'><em>Vlriebum</em></span> <span class='ocrx_word' id='word_1_175' title='bbox 578 3744 613 3798; x_wconf 91' lang='lat' dir='ltr'><em>ab</em></span> <span class='ocrx_word' id='word_1_176' title='bbox 637 3744 760 3812; x_wconf 87' lang='lat' dir='ltr'><em>Hulten,</em></span> <span class='ocrx_word' id='word_1_177' title='bbox 790 3746 912 3816; x_wconf 77' lang='lat' dir='ltr'><em>equitem</em></span> <span class='ocrx_word' id='word_1_178' title='bbox 936 3745 1124 3811; x_wconf 83' lang='lat' dir='ltr'><em>Germanum,</em></span> <span class='ocrx_word' id='word_1_179' title='bbox 1148 3745 1298 3799; x_wconf 86' lang='lat' dir='ltr'><em>militarem</em></span> <span class='ocrx_word' id='word_1_180' title='bbox 1320 3744 1478 3812; x_wconf 87' lang='lat' dir='ltr'><em>bominem,</em></span> <span class='ocrx_word' id='word_1_181' title='bbox 1503 3745 1547 3799; x_wconf 87' lang='lat' dir='ltr'><em>sed</em></span> 
     </span>
     <span class='ocr_line' id='line_1_28' title="bbox 256 3830 1571 3904; baseline -0.005 -17"><span class='ocrx_word' id='word_1_182' title='bbox 256 3834 306 3904; x_wconf 85' lang='lat' dir='ltr'><em>qni</em></span> <span class='ocrx_word' id='word_1_183' title='bbox 331 3834 406 3886; x_wconf 84' lang='lat' dir='ltr'><em>inter</em></span> <span class='ocrx_word' id='word_1_184' title='bbox 435 3831 614 3885; x_wconf 87' lang='lat' dir='ltr'><em>militandum</em></span> <span class='ocrx_word' id='word_1_185' title='bbox 642 3832 727 3884; x_wconf 89' lang='lat' dir='ltr'><em>etium</em></span> <span class='ocrx_word' id='word_1_186' title='bbox 757 3832 879 3899; x_wconf 88' lang='lat' dir='ltr'><em>optimas</em></span> <span class='ocrx_word' id='word_1_187' title='bbox 907 3830 1008 3885; x_wconf 84' lang='lat' dir='ltr'><em>literas</em></span> <span class='ocrx_word' id='word_1_188' title='bbox 1029 3846 1086 3884; x_wconf 92' lang='lat' dir='ltr'><em>non</em></span> <span class='ocrx_word' id='word_1_189' title='bbox 1109 3830 1282 3900; x_wconf 77' lang='lat' dir='ltr'><em>neplexerit,</em></span> <span class='ocrx_word' id='word_1_190' title='bbox 1316 3837 1349 3884; x_wconf 92' lang='lat' dir='ltr'><em>ul</em></span> <span class='ocrx_word' id='word_1_191' title='bbox 1372 3833 1486 3886; x_wconf 84' lang='lat' dir='ltr'><em>nescias</em></span> <span class='ocrx_word' id='word_1_192' title='bbox 1505 3830 1571 3885; x_wconf 69' lang='lat' dir='ltr'><em>casin</em></span> 
     </span>
     <span class='ocr_line' id='line_1_29' title="bbox 255 3913 1545 3986; baseline -0.004 -15"><span class='ocrx_word' id='word_1_193' title='bbox 255 3917 422 3971; x_wconf 90' lang='lat' dir='ltr'><em>strennnius</em></span> <span class='ocrx_word' id='word_1_194' title='bbox 437 3917 614 3980; x_wconf 84' lang='lat' dir='ltr'><em>militauerit,</em></span> <span class='ocrx_word' id='word_1_195' title='bbox 638 3914 766 3969; x_wconf 86' lang='lat' dir='ltr'><em>Bellonae</em></span> <span class='ocrx_word' id='word_1_196' title='bbox 782 3931 821 3968; x_wconf 92' lang='lat' dir='ltr'><em>an</em></span> <span class='ocrx_word' id='word_1_197' title='bbox 835 3914 934 3970; x_wconf 88' lang='lat' dir='ltr'><em>literis.</em></span> <span class='ocrx_word' id='word_1_198' title='bbox 970 3914 1026 3968; x_wconf 90' lang='lat' dir='ltr'><em>His</em></span> <span class='ocrx_word' id='word_1_199' title='bbox 1045 3913 1191 3984; x_wconf 78' lang='lat' dir='ltr'><em>indipnum</em></span> <span class='ocrx_word' id='word_1_200' title='bbox 1202 3915 1355 3986; x_wconf 85' lang='lat' dir='ltr'><em>¹simulque</em></span> <span class='ocrx_word' id='word_1_201' title='bbox 1376 3914 1545 3970; x_wconf 79' lang='lat' dir='ltr'><em>intolerabile</em></span> 
     </span>
     <span class='ocr_line' id='line_1_30' title="bbox 256 3992 1544 4072; baseline -0.003 -16"><span class='ocrx_word' id='word_1_202' title='bbox 256 4004 345 4057; x_wconf 85' lang='lat' dir='ltr'><em>visum</em></span> <span class='ocrx_word' id='word_1_203' title='bbox 367 4008 422 4068; x_wconf 85' lang='lat' dir='ltr'><em>est,</em></span> <span class='ocrx_word' id='word_1_204' title='bbox 446 3992 498 4072; x_wconf 83' lang='lat' dir='ltr'><em>q&#39;ui</em></span> <span class='ocrx_word' id='word_1_205' title='bbox 518 4000 625 4054; x_wconf 88' lang='lat' dir='ltr'><em>diutius</em></span> <span class='ocrx_word' id='word_1_206' title='bbox 647 4000 821 4061; x_wconf 78' lang='lat' dir='ltr'><em>serviamus,</em></span> <span class='ocrx_word' id='word_1_207' title='bbox 845 4003 874 4052; x_wconf 89' lang='lat' dir='ltr'><em>el</em></span> <span class='ocrx_word' id='word_1_208' title='bbox 893 4000 990 4071; x_wconf 76' lang='lat' dir='ltr'><em>iupum</em></span> <span class='ocrx_word' id='word_1_209' title='bbox 1013 3999 1084 4054; x_wconf 90' lang='lat' dir='ltr'><em>illud</em></span> <span class='ocrx_word' id='word_1_210' title='bbox 1100 3998 1314 4054; x_wconf 89' lang='lat' dir='ltr'><em>Pboraonieum</em></span> <span class='ocrx_word' id='word_1_211' title='bbox 1338 4001 1396 4054; x_wconf 89' lang='lat' dir='ltr'><em>nisi</em></span> <span class='ocrx_word' id='word_1_212' title='bbox 1415 4007 1483 4054; x_wconf 84' lang='lat' dir='ltr'><em>sum</em></span> <span class='ocrx_word' id='word_1_213' title='bbox 1503 4000 1544 4052; x_wconf 92' lang='lat' dir='ltr'><em>ab·</em></span> 
     </span>
     <span class='ocr_line' id='line_1_31' title="bbox 255 4083 1545 4156; baseline -0.002 -15"><span class='ocrx_word' id='word_1_214' title='bbox 255 4102 398 4156; x_wconf 85' lang='lat' dir='ltr'><em>rumpere.</em></span> <span class='ocrx_word' id='word_1_215' title='bbox 442 4086 573 4140; x_wconf 86' lang='lat' dir='ltr'><em>Primum</em></span> <span class='ocrx_word' id='word_1_216' title='bbox 596 4085 708 4155; x_wconf 83' lang='lat' dir='ltr'><em>quidem</em></span> <span class='ocrx_word' id='word_1_217' title='bbox 730 4084 847 4153; x_wconf 88' lang='lat' dir='ltr'><em>scriptis</em></span> <span class='ocrx_word' id='word_1_218' title='bbox 869 4085 1027 4139; x_wconf 90' lang='lat' dir='ltr'><em>minoribus</em></span> <span class='ocrx_word' id='word_1_219' title='bbox 1048 4083 1291 4150; x_wconf 89' lang='lat' dir='ltr'><em>elementinscule‚</em></span> <span class='ocrx_word' id='word_1_220' title='bbox 1319 4084 1396 4139; x_wconf 88' lang='lat' dir='ltr'><em>alter</em></span> <span class='ocrx_word' id='word_1_221' title='bbox 1421 4085 1545 4155; x_wconf 80' lang='lat' dir='ltr'><em>proposi·</em></span> 
     </span>
     <span class='ocr_line' id='line_1_32' title="bbox 255 4168 1545 4239; baseline -0.004 -14"><span class='ocrx_word' id='word_1_222' title='bbox 255 4172 390 4238; x_wconf 89' lang='lat' dir='ltr'><em>tionibus,</em></span> <span class='ocrx_word' id='word_1_223' title='bbox 414 4171 489 4225; x_wconf 87' lang='lat' dir='ltr'><em>atter</em></span> <span class='ocrx_word' id='word_1_224' title='bbox 510 4169 694 4239; x_wconf 81' lang='lat' dir='ltr'><em>lepidissimis</em></span> <span class='ocrx_word' id='word_1_225' title='bbox 715 4168 835 4239; x_wconf 77' lang='lat' dir='ltr'><em>dialopis</em></span> <span class='ocrx_word' id='word_1_226' title='bbox 856 4168 932 4223; x_wconf 89' lang='lat' dir='ltr'><em>lusit.</em></span> <span class='ocrx_word' id='word_1_227' title='bbox 977 4170 1005 4222; x_wconf 91' lang='lat' dir='ltr'><em>in</em></span> <span class='ocrx_word' id='word_1_228' title='bbox 1029 4169 1063 4223; x_wconf 91' lang='lat' dir='ltr'><em>iis</em></span> <span class='ocrx_word' id='word_1_229' title='bbox 1085 4169 1173 4223; x_wconf 90' lang='lat' dir='ltr'><em>multo</em></span> <span class='ocrx_word' id='word_1_230' title='bbox 1195 4171 1308 4239; x_wconf 86' lang='lat' dir='ltr'><em>copiose</em></span> <span class='ocrx_word' id='word_1_231' title='bbox 1330 4175 1358 4223; x_wconf 88' lang='lat' dir='ltr'><em>et</em></span> <span class='ocrx_word' id='word_1_232' title='bbox 1380 4170 1492 4225; x_wconf 80' lang='lat' dir='ltr'><em>erndiu</em></span> <span class='ocrx_word' id='word_1_233' title='bbox 1511 4182 1545 4222; x_wconf 79' lang='lat' dir='ltr'><em>es</em></span> 
     </span>
     <span class='ocr_line' id='line_1_33' title="bbox 254 4252 1571 4325; baseline -0.002 -17"><span class='ocrx_word' id='word_1_234' title='bbox 254 4256 410 4325; x_wconf 86' lang='lat' dir='ltr'><em>scripturis</em></span> <span class='ocrx_word' id='word_1_235' title='bbox 432 4255 535 4309; x_wconf 87' lang='lat' dir='ltr'><em>diuinis</em></span> <span class='ocrx_word' id='word_1_236' title='bbox 557 4256 758 4310; x_wconf 88' lang='lat' dir='ltr'><em>disseruerunt</em></span> <span class='ocrx_word' id='word_1_237' title='bbox 784 4253 819 4307; x_wconf 88' lang='lat' dir='ltr'><em>de</em></span> <span class='ocrx_word' id='word_1_238' title='bbox 838 4254 947 4323; x_wconf 86' lang='lat' dir='ltr'><em>pietate</em></span> <span class='ocrx_word' id='word_1_239' title='bbox 971 4252 1149 4319; x_wconf 77' lang='lat' dir='ltr'><em>Christiana,</em></span> <span class='ocrx_word' id='word_1_240' title='bbox 1177 4254 1212 4307; x_wconf 90' lang='lat' dir='ltr'><em>de</em></span> <span class='ocrx_word' id='word_1_241' title='bbox 1240 4254 1394 4320; x_wconf 82' lang='lat' dir='ltr'><em>modestia,</em></span> <span class='ocrx_word' id='word_1_242' title='bbox 1422 4256 1458 4308; x_wconf 87' lang='lat' dir='ltr'><em>de</em></span> <span class='ocrx_word' id='word_1_243' title='bbox 1483 4264 1571 4324; x_wconf 77' lang='lat' dir='ltr'><em>syn-ss</em></span> 
     </span>
     <span class='ocr_line' id='line_1_34' title="bbox 254 4336 1544 4410; baseline -0.002 -19"><span class='ocrx_word' id='word_1_244' title='bbox 254 4340 388 4405; x_wconf 82' lang='lat' dir='ltr'><em>caritate,</em></span> <span class='ocrx_word' id='word_1_245' title='bbox 418 4340 453 4392; x_wconf 88' lang='lat' dir='ltr'><em>de</em></span> <span class='ocrx_word' id='word_1_246' title='bbox 478 4336 667 4410; x_wconf 73' lang='lat' dir='ltr'><em>frupalitute,</em></span> <span class='ocrx_word' id='word_1_247' title='bbox 696 4339 829 4403; x_wconf 84' lang='lat' dir='ltr'><em>ueritate,</em></span> <span class='ocrx_word' id='word_1_248' title='bbox 858 4339 987 4403; x_wconf 90' lang='lat' dir='ltr'><em>iusticia,</em></span> <span class='ocrx_word' id='word_1_249' title='bbox 1012 4338 1084 4407; x_wconf 74' lang='lat' dir='ltr'><em>fille,</em></span> <span class='ocrx_word' id='word_1_250' title='bbox 1113 4339 1247 4405; x_wconf 89' lang='lat' dir='ltr'><em>scientia,</em></span> <span class='ocrx_word' id='word_1_251' title='bbox 1271 4340 1420 4405; x_wconf 86' lang='lat' dir='ltr'><em>castitate,</em></span> <span class='ocrx_word' id='word_1_252' title='bbox 1440 4344 1474 4393; x_wconf 82' lang='lat' dir='ltr'><em>et</em></span> <span class='ocrx_word' id='word_1_253' title='bbox 1495 4353 1544 4391; x_wconf 87' lang='lat' dir='ltr'><em>nos</em></span> 
     </span>
     <span class='ocr_line' id='line_1_35' title="bbox 251 4424 1544 4494; baseline 0 -19"><span class='ocrx_word' id='word_1_254' title='bbox 251 4438 363 4491; x_wconf 67' lang='lat' dir='ltr'><em>persicos</em></span> <span class='ocrx_word' id='word_1_255' title='bbox 385 4425 414 4476; x_wconf 94' lang='lat' dir='ltr'><em>in</em></span> <span class='ocrx_word' id='word_1_256' title='bbox 437 4438 520 4477; x_wconf 88' lang='lat' dir='ltr'><em>suom</em></span> <span class='ocrx_word' id='word_1_257' title='bbox 543 4428 700 4494; x_wconf 68' lang='lat' dir='ltr'><em>traxerunt</em></span> <span class='ocrx_word' id='word_1_258' title='bbox 717 4425 902 4491; x_wconf 88' lang='lat' dir='ltr'><em>sententiam,</em></span> <span class='ocrx_word' id='word_1_259' title='bbox 926 4424 1015 4478; x_wconf 90' lang='lat' dir='ltr'><em>donec</em></span> <span class='ocrx_word' id='word_1_260' title='bbox 1037 4424 1093 4476; x_wconf 89' lang='lat' dir='ltr'><em>iam</em></span> <span class='ocrx_word' id='word_1_261' title='bbox 1116 4437 1212 4478; x_wconf 89' lang='lat' dir='ltr'><em>omnes</em></span> <span class='ocrx_word' id='word_1_262' title='bbox 1234 4424 1429 4494; x_wconf 74' lang='lat' dir='ltr'><em>resipuerint:</em></span> <span class='ocrx_word' id='word_1_263' title='bbox 1459 4438 1544 4477; x_wconf 86' lang='lat' dir='ltr'><em>nemo·</em></span> 
     </span>
    </p>
   </div>
   <div class='ocr_carea' id='block_1_13' title="bbox 253 4597 1544 4920">
    <p class='ocr_par' dir='ltr' id='par_1_13' title="bbox 253 4597 1544 4670">
     <span class='ocr_line' id='line_1_36' title="bbox 253 4597 1544 4670; baseline -0.001 -18"><span class='ocrx_word' id='word_1_264' title='bbox 253 4597 376 4653; x_wconf 79' lang='lat' dir='ltr'>CCXIII.</span> <span class='ocrx_word' id='word_1_265' title='bbox 407 4603 517 4653; x_wconf 77' lang='lat' dir='ltr'><em>Oasaso</em></span> <span class='ocrx_word' id='word_1_266' title='bbox 533 4601 538 4670; x_wconf 99' lang='grc' dir='ltr'>Ι</span> <span class='ocrx_word' id='word_1_267' title='bbox 554 4604 588 4653; x_wconf 88' lang='lat' dir='ltr'><em>ad</em></span> <span class='ocrx_word' id='word_1_268' title='bbox 607 4602 735 4653; x_wconf 87' lang='lat' dir='ltr'><em>Carolum</em></span> <span class='ocrx_word' id='word_1_269' title='bbox 753 4604 913 4665; x_wconf 83' lang='lat' dir='ltr'><em>maximum,</em></span> <span class='ocrx_word' id='word_1_270' title='bbox 932 4605 1096 4669; x_wconf 79' lang='lat' dir='ltr'><em>Augustum,</em></span> <span class='ocrx_word' id='word_1_271' title='bbox 1113 4601 1317 4670; x_wconf 70' lang='lat' dir='ltr'><em>leermania</em></span> <span class='ocrx_word' id='word_1_272' title='bbox 1329 4604 1483 4669; x_wconf 82' lang='lat' dir='ltr'><em>Principes,</em></span> <span class='ocrx_word' id='word_1_273' title='bbox 1502 4618 1544 4667; x_wconf 89' lang='lat' dir='ltr'><em>pro</em></span> 
     </span>
    </p>

    <p class='ocr_par' dir='ltr' id='par_1_14' title="bbox 253 4685 1544 4754">
     <span class='ocr_line' id='line_1_37' title="bbox 253 4685 1544 4754; baseline 0 -17"><span class='ocrx_word' id='word_1_274' title='bbox 253 4685 385 4754; x_wconf 68' lang='lat' dir='ltr'><em>Vlclricho</em></span> <span class='ocrx_word' id='word_1_275' title='bbox 398 4690 536 4749; x_wconf 81' lang='lat' dir='ltr'><em>Huttono,</em></span> <span class='ocrx_word' id='word_1_276' title='bbox 558 4688 649 4753; x_wconf 76' lang='lat' dir='ltr'><em>equite</em></span> <span class='ocrx_word' id='word_1_277' title='bbox 669 4685 831 4754; x_wconf 69' lang='lat' dir='ltr'><em>Gorlmano,</em></span> <span class='ocrx_word' id='word_1_278' title='bbox 850 4688 873 4738; x_wconf 79' lang='lat' dir='ltr'><em>bs</em></span> <span class='ocrx_word' id='word_1_279' title='bbox 890 4690 1012 4740; x_wconf 86' lang='lat' dir='ltr'><em>Martino</em></span> <span class='ocrx_word' id='word_1_280' title='bbox 1028 4688 1032 4753; x_wconf 95' lang='grc' dir='ltr'>Ι</span> <span class='ocrx_word' id='word_1_281' title='bbox 1047 4689 1183 4751; x_wconf 84' lang='lat' dir='ltr'><em>Luthero,</em></span> <span class='ocrx_word' id='word_1_282' title='bbox 1200 4688 1205 4753; x_wconf 95' lang='grc' dir='ltr'>Ι</span> <span class='ocrx_word' id='word_1_283' title='bbox 1219 4690 1339 4751; x_wconf 69' lang='lat' dir='ltr'><em>Patriae,</em></span> <span class='ocrx_word' id='word_1_284' title='bbox 1359 4687 1544 4751; x_wconf 66' lang='lat' dir='ltr'><em>&amp;Christiana</em></span> 
     </span>
    </p>

    <p class='ocr_par' dir='ltr' id='par_1_15' title="bbox 253 4770 1543 4920">
     <span class='ocr_line' id='line_1_38' title="bbox 253 4770 1543 4840; baseline 0 -18"><span class='ocrx_word' id='word_1_285' title='bbox 253 4772 395 4824; x_wconf 79' lang='lat' dir='ltr'><em>libertatis</em></span> <span class='ocrx_word' id='word_1_286' title='bbox 410 4773 415 4836; x_wconf 87' lang='grc' dir='ltr'>Ι</span> <span class='ocrx_word' id='word_1_287' title='bbox 432 4772 618 4823; x_wconf 79' lang='lat' dir='ltr'><em>adsertoribus</em></span> <span class='ocrx_word' id='word_1_288' title='bbox 634 4771 639 4835; x_wconf 94' lang='grc' dir='ltr'>Ι</span> <span class='ocrx_word' id='word_1_289' title='bbox 656 4785 664 4801; x_wconf 88' lang='grc'><em>·</em></span> <span class='ocrx_word' id='word_1_290' title='bbox 680 4772 684 4834; x_wconf 96' lang='grc' dir='ltr'>Ι</span> <span class='ocrx_word' id='word_1_291' title='bbox 700 4772 823 4821; x_wconf 83' lang='lat' dir='ltr'><em>Anthorc</em></span> <span class='ocrx_word' id='word_1_292' title='bbox 842 4772 869 4821; x_wconf 80' lang='lat' dir='ltr'><em>S.</em></span> <span class='ocrx_word' id='word_1_293' title='bbox 888 4774 1035 4837; x_wconf 82' lang='lat' dir='ltr'><em>Abydeno,</em></span> <span class='ocrx_word' id='word_1_294' title='bbox 1052 4770 1057 4840; x_wconf 98' lang='grc' dir='ltr'>Ι</span> <span class='ocrx_word' id='word_1_295' title='bbox 1073 4773 1199 4836; x_wconf 80' lang='lat' dir='ltr'><em>Corano,</em></span> <span class='ocrx_word' id='word_1_296' title='bbox 1215 4771 1219 4837; x_wconf 97' lang='grc' dir='ltr'>Ι</span> <span class='ocrx_word' id='word_1_297' title='bbox 1235 4774 1327 4823; x_wconf 85' lang='lat' dir='ltr'><em>Germ.</em></span> <span class='ocrx_word' id='word_1_298' title='bbox 1343 4772 1349 4839; x_wconf 94' lang='grc' dir='ltr'>Ι</span> <span class='ocrx_word' id='word_1_299' title='bbox 1365 4777 1395 4835; x_wconf 84' lang='lat'><em>‘,‘</em></span> <span class='ocrx_word' id='word_1_300' title='bbox 1413 4775 1418 4838; x_wconf 97' lang='grc' dir='ltr'>Ι</span> <span class='ocrx_word' id='word_1_301' title='bbox 1434 4774 1479 4835; x_wconf 83' lang='lat' dir='ltr'><em>ttb</em></span> <span class='ocrx_word' id='word_1_302' title='bbox 1491 4776 1543 4837; x_wconf 79' lang='lat' dir='ltr'><em>soil.</em></span> 
     </span>
     <span class='ocr_line' id='line_1_39' title="bbox 783 4857 1016 4920; baseline 0.004 -15"><span class='ocrx_word' id='word_1_303' title='bbox 783 4861 809 4905; x_wconf 84' lang='lat' dir='ltr'><em>ln</em></span> <span class='ocrx_word' id='word_1_304' title='bbox 822 4857 858 4905; x_wconf 77' lang='lat'><em>4⁰.</em></span> <span class='ocrx_word' id='word_1_305' title='bbox 876 4873 898 4905; x_wconf 88' lang='lat' dir='ltr'><em>s.</em></span> <span class='ocrx_word' id='word_1_306' title='bbox 912 4860 928 4905; x_wconf 91' lang='lat' dir='ltr'><em>l.</em></span> <span class='ocrx_word' id='word_1_307' title='bbox 942 4865 967 4906; x_wconf 89' lang='lat' dir='ltr'><em>el</em></span> <span class='ocrx_word' id='word_1_308' title='bbox 980 4858 1016 4920; x_wconf 86' lang='lat' dir='ltr'><em>a.)</em></span> 
     </span>
    </p>
   </div>
   <div class='ocr_carea' id='block_1_14' title="bbox 249 5028 1546 5621">
    <p class='ocr_par' dir='ltr' id='par_1_16' title="bbox 249 5028 1546 5621">
     <span class='ocr_line' id='line_1_40' title="bbox 320 5028 1544 5109; baseline -0.001 -15"><span class='ocrx_word' id='word_1_309' title='bbox 320 5043 341 5077; x_wconf 85' lang='lat'><em>¹²</em></span> <span class='ocrx_word' id='word_1_310' title='bbox 363 5046 406 5095; x_wconf 81' lang='lat' dir='ltr'><em>Ila</em></span> <span class='ocrx_word' id='word_1_311' title='bbox 430 5045 482 5094; x_wconf 88' lang='lat' dir='ltr'><em>hoc</em></span> <span class='ocrx_word' id='word_1_312' title='bbox 504 5035 687 5109; x_wconf 77' lang='grc' dir='ltr'><strong><em>ψευδωνύμφ</em></strong></span> <span class='ocrx_word' id='word_1_313' title='bbox 710 5028 857 5107; x_wconf 62' lang='lat' dir='ltr'><em>Abydeno,</em></span> <span class='ocrx_word' id='word_1_314' title='bbox 883 5043 1009 5107; x_wconf 83' lang='lat' dir='ltr'><em>Corallo,</em></span> <span class='ocrx_word' id='word_1_315' title='bbox 1035 5045 1114 5094; x_wconf 86' lang='lat' dir='ltr'><em>onius</em></span> <span class='ocrx_word' id='word_1_316' title='bbox 1141 5045 1226 5094; x_wconf 82' lang='lat' dir='ltr'><em>stiam</em></span> <span class='ocrx_word' id='word_1_317' title='bbox 1250 5046 1279 5093; x_wconf 89' lang='lat' dir='ltr'><em>in</em></span> <span class='ocrx_word' id='word_1_318' title='bbox 1296 5044 1417 5095; x_wconf 71' lang='lat' dir='ltr'><em>filitiani</em></span> <span class='ocrx_word' id='word_1_319' title='bbox 1442 5044 1544 5095; x_wconf 79' lang='lat' dir='ltr'><em>laudem</em></span> 
     </span>
     <span class='ocr_line' id='line_1_41' title="bbox 251 5126 1545 5194; baseline -0.002 -15"><span class='ocrx_word' id='word_1_320' title='bbox 251 5130 397 5194; x_wconf 84' lang='lat' dir='ltr'><em>compositi</em></span> <span class='ocrx_word' id='word_1_321' title='bbox 412 5131 538 5178; x_wconf 75' lang='lat' dir='ltr'><em>‘nrsnom</em></span> <span class='ocrx_word' id='word_1_322' title='bbox 554 5126 559 5191; x_wconf 98' lang='grc' dir='ltr'>Ι</span> <span class='ocrx_word' id='word_1_323' title='bbox 575 5126 692 5193; x_wconf 81' lang='lat' dir='ltr'><em>septem,</em></span> <span class='ocrx_word' id='word_1_324' title='bbox 708 5128 809 5179; x_wconf 80' lang='lat' dir='ltr'><em>isitius</em></span> <span class='ocrx_word' id='word_1_325' title='bbox 824 5128 945 5179; x_wconf 84' lang='lat' dir='ltr'><em>candidi.</em></span> <span class='ocrx_word' id='word_1_326' title='bbox 961 5129 966 5191; x_wconf 91' lang='grc' dir='ltr'>Ι</span> <span class='ocrx_word' id='word_1_327' title='bbox 981 5130 1095 5179; x_wconf 73' lang='grc' dir='ltr'><strong>Μοιτιιιε.</strong></span> <span class='ocrx_word' id='word_1_328' title='bbox 1112 5126 1117 5193; x_wconf 97' lang='grc' dir='ltr'>Ι</span> <span class='ocrx_word' id='word_1_329' title='bbox 1132 5128 1258 5178; x_wconf 79' lang='lat' dir='ltr'><em>Carolus.</em></span> <span class='ocrx_word' id='word_1_330' title='bbox 1274 5127 1292 5193; x_wconf 88' lang='grc' dir='ltr'><em>Ι’</em></span> <span class='ocrx_word' id='word_1_331' title='bbox 1305 5136 1356 5179; x_wconf 85' lang='lat' dir='ltr'><em>cle.</em></span> <span class='ocrx_word' id='word_1_332' title='bbox 1370 5136 1396 5179; x_wconf 77' lang='lat' dir='ltr'><em>ir</em></span> <span class='ocrx_word' id='word_1_333' title='bbox 1412 5130 1447 5180; x_wconf 79' lang='lat'><em>8⁰.</em></span> <span class='ocrx_word' id='word_1_334' title='bbox 1460 5147 1481 5179; x_wconf 80' lang='lat' dir='ltr'><em>a.</em></span> <span class='ocrx_word' id='word_1_335' title='bbox 1493 5134 1509 5178; x_wconf 92' lang='lat' dir='ltr'><em>l.</em></span> <span class='ocrx_word' id='word_1_336' title='bbox 1522 5137 1545 5178; x_wconf 83' lang='lat' dir='ltr'><em>et</em></span> 
     </span>
     <span class='ocr_line' id='line_1_42' title="bbox 250 5213 1545 5278; baseline 0 -15"><span class='ocrx_word' id='word_1_337' title='bbox 250 5230 274 5263; x_wconf 89' lang='lat' dir='ltr'><em>a.</em></span> <span class='ocrx_word' id='word_1_338' title='bbox 294 5216 323 5263; x_wconf 92' lang='lat' dir='ltr'><em>in</em></span> <span class='ocrx_word' id='word_1_339' title='bbox 342 5216 404 5278; x_wconf 90' lang='lat' dir='ltr'><em>ipsa</em></span> <span class='ocrx_word' id='word_1_340' title='bbox 423 5229 515 5262; x_wconf 72' lang='lat' dir='ltr'><em>coriam</em></span> <span class='ocrx_word' id='word_1_341' title='bbox 533 5214 716 5277; x_wconf 82' lang='lat' dir='ltr'><em>inscriptione</em></span> <span class='ocrx_word' id='word_1_342' title='bbox 736 5228 796 5262; x_wconf 80' lang='lat' dir='ltr'><em>esse</em></span> <span class='ocrx_word' id='word_1_343' title='bbox 816 5214 955 5275; x_wconf 80' lang='lat' dir='ltr'><em>feruntur,</em></span> <span class='ocrx_word' id='word_1_344' title='bbox 976 5228 1088 5278; x_wconf 86' lang='lat' dir='ltr'><em>qnorum</em></span> <span class='ocrx_word' id='word_1_345' title='bbox 1107 5213 1223 5263; x_wconf 81' lang='lat' dir='ltr'><em>eundem</em></span> <span class='ocrx_word' id='word_1_346' title='bbox 1235 5214 1391 5271; x_wconf 80' lang='lat' dir='ltr'><em>IInttanam</em></span> <span class='ocrx_word' id='word_1_347' title='bbox 1410 5221 1545 5265; x_wconf 78' lang='lat' dir='ltr'><em>auctorem</em></span> 
     </span>
     <span class='ocr_line' id='line_1_43' title="bbox 250 5288 1544 5367; baseline 0 -19"><span class='ocrx_word' id='word_1_348' title='bbox 250 5288 337 5349; x_wconf 83' lang='lat' dir='ltr'><em>inisse</em></span> <span class='ocrx_word' id='word_1_349' title='bbox 356 5298 435 5348; x_wconf 89' lang='lat' dir='ltr'><em>multi</em></span> <span class='ocrx_word' id='word_1_350' title='bbox 454 5304 558 5347; x_wconf 81' lang='lat' dir='ltr'><em>temera</em></span> <span class='ocrx_word' id='word_1_351' title='bbox 576 5298 712 5362; x_wconf 86' lang='lat' dir='ltr'><em>suspicati</em></span> <span class='ocrx_word' id='word_1_352' title='bbox 731 5303 809 5358; x_wconf 87' lang='lat' dir='ltr'><em>sunt,</em></span> <span class='ocrx_word' id='word_1_353' title='bbox 833 5298 952 5348; x_wconf 87' lang='lat' dir='ltr'><em>nondum</em></span> <span class='ocrx_word' id='word_1_354' title='bbox 972 5303 1090 5348; x_wconf 84' lang='lat' dir='ltr'><em>constat.</em></span> <span class='ocrx_word' id='word_1_355' title='bbox 1127 5299 1191 5367; x_wconf 76' lang='lat' dir='ltr'><em>Ipse</em></span> <span class='ocrx_word' id='word_1_356' title='bbox 1210 5297 1380 5361; x_wconf 85' lang='lat' dir='ltr'><em>consultum,</em></span> <span class='ocrx_word' id='word_1_357' title='bbox 1400 5315 1455 5350; x_wconf 87' lang='lat' dir='ltr'><em>non</em></span> <span class='ocrx_word' id='word_1_358' title='bbox 1473 5300 1544 5349; x_wconf 73' lang='lat' dir='ltr'><em>theo</em></span> 
     </span>
     <span class='ocr_line' id='line_1_44' title="bbox 250 5381 1546 5453; baseline 0.001 -22"><span class='ocrx_word' id='word_1_359' title='bbox 250 5383 345 5453; x_wconf 39' lang='lat' dir='ltr'><em>logum,</em></span> <span class='ocrx_word' id='word_1_360' title='bbox 360 5398 448 5448; x_wconf 83' lang='lat' dir='ltr'><em>nequa</em></span> <span class='ocrx_word' id='word_1_361' title='bbox 467 5383 595 5432; x_wconf 83' lang='lat' dir='ltr'><em>artistam</em></span> <span class='ocrx_word' id='word_1_362' title='bbox 614 5397 688 5444; x_wconf 85' lang='lat' dir='ltr'><em>eum,</em></span> <span class='ocrx_word' id='word_1_363' title='bbox 713 5381 763 5431; x_wconf 72' lang='lat' dir='ltr'><em>seii</em></span> <span class='ocrx_word' id='word_1_364' title='bbox 786 5386 862 5431; x_wconf 80' lang='lat' dir='ltr'><em>carta</em></span> <span class='ocrx_word' id='word_1_365' title='bbox 880 5384 1034 5433; x_wconf 85' lang='lat' dir='ltr'><em>Huttenum</em></span> <span class='ocrx_word' id='word_1_366' title='bbox 1057 5399 1111 5432; x_wconf 89' lang='lat' dir='ltr'><em>non</em></span> <span class='ocrx_word' id='word_1_367' title='bbox 1134 5383 1222 5432; x_wconf 80' lang='lat' dir='ltr'><em>luisse</em></span> <span class='ocrx_word' id='word_1_368' title='bbox 1245 5382 1315 5433; x_wconf 86' lang='lat' dir='ltr'><em>mihi</em></span> <span class='ocrx_word' id='word_1_369' title='bbox 1333 5383 1430 5434; x_wconf 71' lang='lat' dir='ltr'><em>videre</em></span> <span class='ocrx_word' id='word_1_370' title='bbox 1448 5384 1546 5435; x_wconf 73' lang='lat' dir='ltr'><em>videor.</em></span> 
     </span>
     <span class='ocr_line' id='line_1_45' title="bbox 249 5466 1546 5532; baseline 0.004 -17"><span class='ocrx_word' id='word_1_371' title='bbox 249 5467 442 5531; x_wconf 78' lang='lat' dir='ltr'><em>Abydenorum</em></span> <span class='ocrx_word' id='word_1_372' title='bbox 460 5466 644 5531; x_wconf 73' lang='lat' dir='ltr'><em>sycophantia</em></span> <span class='ocrx_word' id='word_1_373' title='bbox 663 5482 697 5515; x_wconf 82' lang='lat' dir='ltr'><em>ax</em></span> <span class='ocrx_word' id='word_1_374' title='bbox 713 5470 839 5517; x_wconf 80' lang='lat' dir='ltr'><em>vetorum</em></span> <span class='ocrx_word' id='word_1_375' title='bbox 856 5467 1024 5532; x_wconf 82' lang='lat' dir='ltr'><em>proverbiis,</em></span> <span class='ocrx_word' id='word_1_376' title='bbox 1048 5466 1261 5532; x_wconf 70' lang='lat' dir='ltr'><em>pollitommqna</em></span> <span class='ocrx_word' id='word_1_377' title='bbox 1280 5466 1468 5531; x_wconf 73' lang='lat' dir='ltr'><em>corsitanus,</em></span> <span class='ocrx_word' id='word_1_378' title='bbox 1491 5469 1546 5531; x_wconf 71' lang='lat' dir='ltr'><em>ny·</em></span> 
     </span>
     <span class='ocr_line' id='line_1_46' title="bbox 250 5550 1545 5621; baseline 0.002 -20"><span class='ocrx_word' id='word_1_379' title='bbox 250 5550 300 5602; x_wconf 82' lang='lat' dir='ltr'><em>sisa</em></span> <span class='ocrx_word' id='word_1_380' title='bbox 318 5551 460 5601; x_wconf 78' lang='lat' dir='ltr'><em>inferioris</em></span> <span class='ocrx_word' id='word_1_381' title='bbox 477 5550 586 5621; x_wconf 82' lang='lat' dir='ltr'><em>populi,</em></span> <span class='ocrx_word' id='word_1_382' title='bbox 606 5550 724 5617; x_wconf 85' lang='lat' dir='ltr'><em>inpolita</em></span> <span class='ocrx_word' id='word_1_383' title='bbox 742 5550 882 5617; x_wconf 76' lang='lat' dir='ltr'><em>asperitas</em></span> <span class='ocrx_word' id='word_1_384' title='bbox 899 5550 945 5603; x_wconf 79' lang='lat' dir='ltr'><em>vcl</em></span> <span class='ocrx_word' id='word_1_385' title='bbox 965 5566 999 5601; x_wconf 84' lang='lat' dir='ltr'><em>ex</em></span> <span class='ocrx_word' id='word_1_386' title='bbox 1017 5551 1120 5603; x_wconf 81' lang='lat' dir='ltr'><em>Ouidio</em></span> <span class='ocrx_word' id='word_1_387' title='bbox 1137 5556 1206 5602; x_wconf 87' lang='lat' dir='ltr'><em>nota</em></span> <span class='ocrx_word' id='word_1_388' title='bbox 1222 5557 1297 5603; x_wconf 81' lang='lat' dir='ltr'><em>snat.</em></span> <span class='ocrx_word' id='word_1_389' title='bbox 1349 5550 1373 5585; x_wconf 77' lang='lat'><em>⁸⁸</em></span> <span class='ocrx_word' id='word_1_390' title='bbox 1385 5552 1495 5604; x_wconf 77' lang='lat' dir='ltr'><em>bellans</em></span> <span class='ocrx_word' id='word_1_391' title='bbox 1506 5554 1545 5604; x_wconf 73' lang='lat' dir='ltr'><em>ed.</em></span> 
     </span>
    </p>
   </div>
   <div class='ocr_carea' id='block_1_15' title="bbox 0 0 1818 7048">
    <p class='ocr_par' dir='ltr' id='par_1_17' title="bbox 0 0 1818 7048">
     <span class='ocr_line' id='line_1_47' title="bbox 0 0 1818 7048; baseline 0 0"><span class='ocrx_word' id='word_1_392' title='bbox 0 0 1818 7048; x_wconf 95' lang='lat' dir='ltr'><em> </em></span> 
     </span>
    </p>
   </div>
  </div>
 </body>
</html>
