3625 7050
243 1204 316 1280 328
370 1218 449 1270 CLV.
470 1231 552 1267 urar.
566 1229 603 1265 aa>
616 1229 729 1266 raama.
744 1226 871 1264 sverain
885 1227 972 1261 enar.
987 1227 1023 1262 ur
1036 1226 1083 1262 vu.
1096 1226 1175 1263 ecco.
1190 1226 1326 1272 conseer.
1348 1216 1408 1259 tstt.

241 1393 352 1459 lerunt,
383 1397 433 1451 aut
460 1390 647 1451 Germaniam
668 1387 833 1465 quotannis
860 1385 1075 1462 compilandam
1100 1384 1156 1445 illis
1178 1387 1393 1463 permiserunt,
1425 1391 1476 1445 aut
1503 1383 1537 1442 ad

242 1494 398 1573 palliorum
426 1490 635 1569 episcopalium
661 1490 763 1550 Romae
790 1495 968 1555 mercatum,
1004 1489 1154 1547 veniarum
1184 1488 1247 1557 bie,
1279 1488 1537 1564 dispensationum,

175 1601 231 1650 §.tt
243 1597 403 1673 gratiarum
428 1601 457 1653 et
478 1594 573 1652 omnis
594 1591 710 1670 generis
732 1589 878 1650 bullarum
903 1591 1128 1650 nundinationes
1150 1592 1352 1650 conniverunt
1398 1589 1475 1661 Quid
1498 1588 1539 1647 di-

246 1715 310 1758 oam
331 1695 366 1756 de
384 1696 430 1756 his
449 1696 527 1755 euim
543 1696 593 1772 qui
611 1693 736 1771 petenda
751 1692 852 1752 llomae
875 1695 972 1752 omnia
994 1693 1186 1770 putaverunt?
1216 1692 1270 1752 luit
1293 1694 1321 1752 in
1345 1695 1379 1753 iis
1397 1711 1458 1754 uon
1475 1693 1539 1753 dico

244 1799 431 1876 imperatoria
454 1797 592 1872 dignitas,
620 1796 672 1855 scd
693 1794 747 1854 luit
766 1795 811 1854 aio
834 1795 1000 1863 animorum
1027 1796 1084 1863 vis,
1110 1801 1160 1853 aut
1186 1792 1278 1854 ullum
1305 1795 1359 1856 luit
1383 1791 1559 1857 Germanae⁵

176 1900 357 1961 §.u-virtutis
377 1898 577 1958 momentum?
607 1899 740 1969 Quorum
763 1899 838 1957 sicut
859 1897 973 1972 pudere
992 1914 1045 1956 nos
1068 1895 1170 1963 dehet,
1194 1898 1233 1955 ita
1255 1915 1290 1956 ex
1309 1896 1451 1957 llcnrichi
1467 1897 1539 1964 1111,

243 2001 392 2062 lortissimi
416 2018 450 2059 ae
471 1999 681 2060 bellicosissimi
698 2001 828 2059 omnium
847 2000 897 2074 qui
916 2000 945 2057 iu
961 1998 1117 2057 Germania
1136 2000 1355 2074 imperaverunt
1370 2001 1466 2073 regis,
1485 2000 1540 2058 rir-

243 2108 305 2162 tute
324 2101 448 2161 multum
471 2101 507 2161 ad
529 2119 714 2161 communem
737 2101 861 2160 nationis
883 2099 971 2159 huius
991 2101 1150 2158 accessisse
1174 2097 1297 2174 gloriam
1319 2100 1540 2167 arbitrabimur,

244 2204 281 2263 ad
306 2204 389 2263 euius
417 2204 621 2272 imitationem,
650 2204 744 2281 siquid
769 2204 907 2276 instigare
938 2199 1075 2260 Carolum
1104 2206 1213 2278 potest,
1242 2199 1290 2259 hie
1317 2205 1427 2278 poterit
1452 2201 1540 2262 liber:

246 2306 382 2382 exprimit
400 2304 478 2364 enim
496 2306 583 2365 vitam
603 2304 679 2365 illius
698 2305 858 2364 euidentius
877 2320 965 2380 quam
983 2308 1083 2378 posset
1103 2300 1180 2362 ullus
1202 2303 1297 2378 pictor
1317 2310 1366 2362 aut
1383 2305 1540 2364 statuarius
1551 2302 1610 2346 ¹⁰⁰

177 2402 380 2484 t·¹⁷·corports
400 2405 583 2466 lineameula.
625 2406 682 2468 Sed
707 2407 785 2466 huuc
807 2405 944 2466 dedicare
972 2403 1012 2464 illi
1036 2406 1129 2464 risum
1152 2410 1293 2464 nonest:
1322 2411 1392 2464 sunt
1415 2423 1541 2484 panegy-

245 2509 299 2569 rici
319 2490 411 2577 enirn,
439 2507 546 2585 quihus
567 2510 703 2585 excipere
727 2510 891 2568 venientem
914 2524 1001 2584 paro:
1032 2505 1084 2566 tihi
1108 2505 1225 2572 dedico,
1255 2524 1322 2566 cum
1350 2508 1420 2584 quia
1447 2525 1541 2585 neque

246 2609 382 2669 omuibus
408 2627 504 2686 neque
531 2611 629 2670 multis
656 2610 729 2669 adeo
750 2610 915 2669 obtundere
941 2614 1059 2686 oportet
1084 2609 1218 2667 iuvenem
1241 2625 1358 2687 regem,
1390 2614 1453 2668 turn
1476 2611 1541 2687 quia

246 2709 411 2788 plerunque
433 2709 602 2771 adiuturum
622 2718 650 2771 te
670 2711 709 2772 illi
733 2712 769 2771 dc
792 2710 973 2771 restituendo
992 2692 1058 2768 sibi
1070 2709 1185 2785 imperii
1205 2715 1281 2775 statu
1301 2708 1477 2770 consultanti
1496 2729 1541 2769 ar·

179 2808 237 2859 ΜΒ·
248 2811 352 2871 bitror.
391 2811 476 2884 Quod
497 2811 597 2882 tacite,
618 2831 686 2881 oro,
711 2831 765 2872 uec
788 2813 896 2873 diutius
916 2813 999 2871 sinite
1021 2810 1223 2875 Romanenses
1244 2812 1399 2887 aurisugas
1421 2811 1577 2872 illudere¹

247 2913 357 2973 nationi
378 2912 459 2973 orbis
482 2916 601 2990 reginae.
646 2914 712 2992 lpse
736 2933 795 2973 nou
811 2914 907 2973 ‘deero
930 2912 1049 2973 sedulus
1071 2913 1215 2981 monitor,
1244 2912 1356 2972 etiamsi
1378 2931 1427 2973 me
1447 2921 1541 2974 terru-
1605 2957 1609 2966 -

248 3014 305 3074 erit
326 3013 391 3091 quis
413 3020 442 3073 et
462 3016 519 3075 vim
547 3017 673 3076 minatus
693 3017 797 3077 luerit:
833 3033 920 3093 quam
947 3032 1006 3072 non
1031 3031 1125 3073 cssem
1154 3032 1224 3074 rere
1249 3013 1431 3074 Christianus
1457 3016 1540 3081 enim,
1590 3070 1610 3089 ,

248 3115 362 3192 siquem
388 3116 423 3175 ad
452 3119 512 3176 veri
542 3120 668 3193 pastoris
691 3137 793 3177 vocem
819 3116 920 3177 exilire
946 3115 1045 3182 decet,
1074 3116 1098 3174 is
1120 3115 1157 3174 ad
1181 3121 1361 3192 praeceptum
1394 3115 1468 3176 iuris
1496 3118 1541 3194 qui
1568 3123 1610 3183 i

249 3233 309 3276 non
331 3233 385 3293 per
405 3218 537 3287 ianuam,
562 3220 613 3279 sed
637 3219 737 3279 furtim
760 3226 789 3277 et
811 3218 991 3278 clandestino
1011 3218 1130 3276 introitu
1152 3215 1225 3275 ovile
1246 3217 1293 3276 dei
1316 3218 1435 3295 irrepit,
1458 3217 1609 3283 ullam:

250 3319 279 3377 in
301 3335 415 3378 moram
438 3322 655 3380 consentirem?
682 3321 842 3396 Peregrina
863 3321 919 3378 erit
940 3318 1003 3376 hare
1023 3336 1076 3377 vox
1099 3318 1190 3385 enim,
1214 3319 1382 3378 cuiusruius
1401 3320 1472 3382 erit,
1491 3337 1610 3383 netz:

250 3420 376 3496 pastoris
398 3419 555 3482 habebitur
582 3423 750 3482 domestica.
795 3439 962 3499 quanquam
991 3419 1118 3480 Leonem
1147 3419 1182 3480 ll.
1213 3418 1285 3478 nihil
1313 3418 1370 3480 talc
1401 3421 1610 3485 facturuln

252 3521 350 3598 opinio
374 3530 432 3592 ost,
463 3524 504 3582 sic
526 3542 628 3601 pacem
651 3525 784 3602 promisit
805 3522 889 3582 uobis
911 3529 940 3583 et
962 3524 1022 3582 reri
1041 3524 1166 3599 pastoris
1187 3541 1221 3581 ae
1243 3522 1334 3598 ipsius
1355 3521 1464 3583 Christi
1484 3524 1578 3583 imi—
1591 3579 1609 3586 -

182 3619 391 3683 attractionem
411 3626 572 3701 proposuit.
618 3627 716 3697 Quare
736 3641 795 3683 non
815 3643 921 3684 vereor
943 3624 1079 3684 seditiose
1100 3624 1169 3701 quid
1193 3626 1221 3683 in
1243 3623 1367 3683 eeclesia
1390 3631 1439 3683 aut
1459 3643 1545 3701 repu-
1581 3677 1609 3686 -

251 3723 326 3784 blica
349 3724 509 3785 Christiana
541 3734 675 3787 acturum
703 3745 771 3786 eum
799 3744 902 3803 quem,
933 3726 957 3784 si
980 3732 1148 3785 constanter
1170 3726 1226 3784 hoo
1248 3725 1335 3785 larict
1353 3744 1408 3786 nec
1431 3746 1449 3785 a
1469 3727 1610 3787 rar-

251 3825 378 3901 vestigiis
405 3825 569 3895 aberrabit,
599 3846 657 3887 nou
685 3834 795 3887 tautum
818 3845 876 3886 non
899 3827 1074 3887 habebimus
1096 3828 1124 3886 in
1148 3845 1252 3888 eorum
1274 3843 1415 3897 numero,
1445 3835 1610 3887 contr-:a

253 3944 326 4003 quos
350 3925 397 3986 bic
417 3929 572 3997 scribitur,
603 3929 656 3988 sed
678 3931 826 4007 praecipua
849 3929 975 4007 quadam
998 3937 1027 3988 et
1047 3929 1186 4005 singulari
1206 3947 1297 4005 supra
1316 3936 1440 3990 caeteros
1462 3948 1610 3988 rena-2·

253 4030 366 4087 ratione
388 4029 589 4104 dignabimur,
614 4031 664 4107 qui
685 4038 752 4108 post
771 4038 815 4090 lot
837 4049 994 4108 perversos
1013 4032 1166 4108 pontifices
1185 4032 1298 4108 primus
1320 4032 1350 4089 in
1374 4032 1501 4091 veritam
1517 4038 1607 4088 et

163 4128 368 4188 ·t·²⁰·iustutae
397 4132 440 4190 ria
468 4133 574 4207 praue
602 4135 728 4210 posteris
755 4135 890 4192 iuventus
917 4134 963 4192 sit.
1008 4131 1066 4191 Tot
1092 4134 1150 4192 iarn
1175 4131 1289 4192 saeculis
1315 4149 1388 4190 sano
1414 4133 1603 4208 pontilicze

254 4247 328 4306 opus
349 4230 402 4290 luit
421 4232 540 4291 mundo.
582 4234 675 4304 Quid?
704 4234 782 4311 quod
805 4234 896 4294 libros
917 4241 1046 4301 veteres,
1070 4233 1172 4294 ubiubi
1194 4233 1317 4299 lateant,
1342 4236 1496 4311 exquirere
1511 4249 1598 4292 ar

253 4331 283 4390 in
304 4331 408 4406 ulgus
435 4333 523 4392 edere
549 4352 602 4392 nos
630 4335 723 4397 iubet:
758 4355 793 4396 en
814 4336 1000 4396 adinventum
1029 4334 1067 4394 illi
1095 4336 1199 4409 igitur,
1229 4354 1333 4413 quem,
1364 4336 1388 4394 si
1409 4334 1474 4394 talis
1493 4335 1610 4397 osv

254 4432 363 4492 amabit
382 4437 561 4502 necessario,
584 4438 705 4515 eiusque
727 4440 872 4516 repertori
893 4436 1001 4496 lavabit
1020 4438 1048 4495 in
1064 4454 1166 4495 omnes
1182 4442 1319 4504 erentus;
1340 4443 1453 4495 tantum
1468 4435 1589 4495 abc-st

254 4535 489 4597 execrationibus
515 4544 544 4596 et
572 4538 749 4608 maledictis,
781 4540 938 4617 quodiam
963 4539 1106 4614 suspicari
1128 4537 1241 4615 aliquos
1259 4537 1361 4605 rideo,
1392 4537 1468 4598 hene
1486 4550 1583 4597 uno

253 4643 368 4696 rentem
391 4638 427 4697 dc
449 4638 567 4714 publico
589 4642 723 4718 impetat:
754 4642 811 4700 iarn
832 4658 891 4698 uon
915 4646 991 4698 esset
1012 4639 1069 4698 hoe
1091 4641 1168 4698 enim
1199 4640 1325 4715 pastoris
1348 4639 1469 4707 Leonis,
1495 4634 1578 4695 sed

254 4739 426 4815 praedatoris
448 4739 523 4817 lupi,
552 4741 695 4801 devorare
717 4742 796 4820 quod
818 4743 946 4819 oportuit
967 4758 1104 4817 pascere,
1133 4745 1184 4799 aut
1204 4740 1331 4816 perdere
1354 4740 1433 4818 quod
1454 4745 1568 4799 cuno

186 4838 318 4901 §.uduo
340 4859 461 4901 necesse
484 4849 556 4902 erat.
594 4843 692 4914 Quare
716 4845 801 4903 ctiam
824 4844 943 4903 minime
968 4842 1095 4902 laturum
1119 4859 1187 4900 eum
1208 4841 1354 4910 arbitror,
1374 4848 1418 4909 ut,
1440 4833 1586 4899 siverim

255 4943 340 5003 etiam
364 4942 499 5013 Carolus,
522 4962 555 5004 ca
576 4946 621 5005 via
643 4964 700 5024 qua
720 4964 755 5005 ex
776 4945 919 5022 proximis
940 4942 1168 5021 imperatoribus
1190 4944 1325 5020 quidam,
1350 4942 1387 5002 ad
1407 4951 1552 5002 summam

254 5060 354 5103 rerum
376 5047 585 5122 capessendam
605 5048 803 5122 ingrediatur:
832 5047 986 5124 proposuit
1005 5046 1083 5105 euim
1097 5044 1218 5104 Petrum
1234 5044 1355 5111 imitari,
1378 5061 1464 5122 quem
1477 5035 1543 5117 quill

255 5145 396 5220 potuisset
418 5145 569 5207 turbatum
596 5149 689 5224 magis
716 5148 858 5218 reddere,
888 5166 977 5225 quam
1003 5147 1094 5224 siquis
1122 5144 1191 5205 olim
1213 5147 1375 5207 monuisset
1396 5135 1534 5222 aliquando

260 5376 272 5403 ι·
321 5362 622 5419 ‘monumentum3.4.
674 5368 828 5417 Henrieid.
849 5365 1072 5431 omiaaaubtpueh
1136 5362 1193 5397 ¹¹·¹²
1204 5365 1379 5431 panaegyrici
1391 5366 1424 5415 A.
1457 5358 1475 5393 ¹⁸
1485 5356 1524 5423 ple·
1608 5373 1609 5380 ’

255 5451 453 5511 mmquea...r.
508 5448 528 5482 ¹⁷
549 5453 683 5502 essem.
739 5445 977 5502 ¹⁸e1silirot...4.
1031 5450 1073 5500 Cf.
1088 5450 1184 5499 Ioann.
1197 5449 1231 5498 X.
1247 5448 1269 5498 1.
1284 5465 1343 5514 sqq.
1392 5443 1521 5534 rqeriotpo

255 5532 401 5597 furis)3.d.
437 5532 457 5567 ⁸¹
472 5536 643 5601 Quamquam
657 5538 730 5588 2...1.
767 5534 1012 5602 ’thidhocat-
1035 5535 1231 5586 ceteros2...d.
1267 5532 1291 5565 ³⁵
1302 5533 1455 5604 laetaturum
1467 5526 1522 5577 M·
