3625 7050
248 1185 318 1258 156
355 1201 439 1253 Lxx.
453 1214 838 1252 nvcr.tuureorr.x.uuaor.1u
850 1215 932 1253 utun.
940 1215 1038 1252 vacuae
1047 1217 1083 1251 ne
1094 1216 1195 1252 boner.
1204 1217 1302 1252 ceusu.
1311 1219 1367 1254 uro.
1378 1211 1396 1255 t.
1405 1219 1468 1276 orec.
1477 1212 1535 1255 tart.

243 1372 335 1451 plena·
351 1371 523 1449 promissio,
546 1371 731 1448 pontificatus
753 1371 794 1431 tui
810 1371 891 1431 initio
906 1371 1025 1432 iubente
1040 1379 1070 1432 te
1085 1389 1237 1449 expressa,
1260 1381 1343 1450 pater
1359 1373 1536 1434 beatissime.

244 1475 401 1552 Postquam
423 1481 454 1533 tu
477 1473 568 1533 semel
591 1474 668 1533 enim
691 1474 907 1534 conticescente
929 1475 986 1533 iam
1007 1472 1112 1533 bellica
1135 1473 1197 1533 lulii
1221 1475 1341 1535 secundi
1362 1474 1435 1534 tulta
1451 1473 1537 1534 veluti

246 1577 326 1654 pacis
356 1593 497 1653 percusso
530 1573 663 1653 cymbalo
695 1575 798 1635 orbern
827 1576 1022 1635 Christianum
1051 1576 1086 1635 ad
1119 1586 1202 1653 spem
1235 1575 1377 1636 libertatis
1409 1577 1537 1643 erexisti,

189 1679 342 1738 §.aemma
365 1695 467 1737 omues
489 1696 554 1756 qnae
576 1676 665 1737 licere
686 1678 796 1746 sciunt,
820 1677 988 1755 usurpanda
1011 1677 1066 1737 sibi
1087 1684 1199 1753 putant.
1238 1676 1299 1756 Ege
1314 1695 1384 1737 roro
1400 1678 1454 1736 etsi
1470 1683 1538 1737 aute

245 1798 403 1858 persuasus
425 1797 520 1846 eram,
551 1779 576 1838 si
598 1785 627 1838 te
650 1769 833 1856 contingeret
854 1797 977 1839 summae
999 1796 1099 1839 rerum
1122 1796 1264 1856 praeesse,
1297 1778 1614 1857 quandoquidems

245 1883 287 1941 sie
310 1881 424 1942 coluisti
446 1882 555 1958 optima
578 1898 693 1958 semper
714 1879 826 1948 studia,
859 1887 900 1940 ut·
920 1887 988 1940 tuus
1016 1881 1046 1938 in
1073 1880 1108 1938 iis
1137 1880 1287 1956 proiectus
1310 1898 1377 1940 cum
1401 1880 1539 1940 eruditis·

245 1984 386 2043 simorum
409 1983 466 2042 hoc
487 1989 621 2060 ternpore
643 1984 773 2042 virorum
796 1981 929 2041 doctrina
952 1982 1061 2063 aequari
1083 1980 1168 2041 iacile
1190 1989 1359 2049 mereatur„
1382 1998 1443 2041 non
1473 1998 1540 2058 pas·

245 2103 348 2146 surum
371 2091 404 2145 ut
426 2102 460 2143 ex
483 2092 614 2144 veterum
637 2084 834 2152 monumentis
857 2083 1015 2166 quicquam
1039 2089 1067 2142 te
1089 2084 1226 2160 pontifice
1249 2082 1405 2160 depereat,
1439 2090 1539 2142 tamen

247 2186 296 2247 ubi
325 2185 403 2246 illam
434 2184 490 2263 legi
518 2184 634 2262 publice
663 2185 691 2244 iu
719 2183 799 2245 ltalia
828 2184 1009 2262 propositam
1036 2185 1256 2261 inscriptionem
1286 2203 1385 2245 neom
1413 2202 1540 2245 bucino

245 2307 413 2350 rourrrror
434 2305 560 2348 unxrno
586 2306 835 2347 nosravunrour
856 2305 966 2359 racis,
990 2284 1077 2346 exilui
1093 2291 1215 2363 repente
1230 2277 1359 2364 quodanr‘
1372 2288 1542 2347 concitatus
1589 2311 1614 2351 ι

245 2390 367 2450 mirifice
388 2390 537 2466 inopinato
556 2389 679 2466 garritio,
703 2388 833 2466 miliique
854 2387 987 2447 redditus
1010 2407 1045 2447 ex
1068 2388 1204 2447 diuturna
1227 2388 1309 2464 prius
1335 2387 1426 2446 animi
1460 2405 1555 2448 com-

246 2492 388 2560 motione,
424 2490 503 2569 quod
530 2490 659 2549 viderem
688 2489 807 2567 indigne
836 2487 928 2548 multa
956 2488 1011 2549 sub
1040 2491 1171 2568 tyrannis
1204 2488 1391 2565 pontificibus
1423 2493 1551 2567 perpeti

190 2599 236 2648 tt.
247 2594 394 2652 nationem
416 2592 501 2655 banc.
546 2590 647 2669 ltaque
669 2591 737 2651 huic
764 2590 896 2668 gratulor
923 2591 1013 2659 aetati,
1048 2609 1113 2669 quar
1142 2597 1170 2649 te
1197 2591 1430 2667 auspicatissimo
1462 2592 1551 2668 pacis

246 2694 368 2756 suborto
391 2693 495 2773 syderc
517 2711 553 2751 ex
575 2692 712 2752 diuturna
735 2691 894 2770 tyrannidis
918 2690 1040 2769 caligine
1069 2692 1105 2751 ad
1134 2711 1238 2751 novam
1267 2690 1412 2751 libertatis
1443 2691 1540 2755 lucem

246 2790 377 2873 respiieit;
400 2801 429 2853 te
452 2813 520 2853 vere
542 2795 709 2870 pontificem
732 2800 844 2859 autern,
876 2793 926 2870 qni
948 2811 1050 2870 pacem
1073 2793 1185 2863 adlers,
1220 2812 1307 2872 quam
1330 2793 1381 2870 qui
1404 2811 1467 2853 non
1491 2793 1597 2853 tra-1⁵

246 2897 374 2957 buerunt
396 2903 598 2956 antecessores
620 2896 676 2964 tui,
700 2896 852 2972 pontiiiees
874 2912 933 2954 uon
957 2896 1091 2955 luerunt:
1119 2913 1215 2973 neque
1238 2895 1314 2954 onim
1337 2893 1534 2972 sequebantur

247 2998 411 3064 Christum,
435 2998 484 3075 qui
506 3014 611 3074 pacem
632 2997 692 3056 suis
712 2996 806 3064 riedit,
830 2996 1013 3075 eandemque
1028 2996 1242 3057 haereditariam
1258 2994 1389 3073 reliquit,
1413 2995 1533 3056 ‘Pacem’

190 3100 381 3178 §.sequioris
404 3108 509 3158 ‘mearn
532 3098 570 3157 do
592 3099 688 3167 rolris,
716 3115 819 3174 pacem
843 3117 938 3157 meam
961 3096 1096 3176 relinquo
1118 3097 1218 3157 vobis'.
1263 3097 1350 3173 igitur
1380 3104 1409 3156 et
1441 3097 1532 3157 vicarii

247 3202 309 3260 eius
331 3218 390 3259 non
413 3200 545 3268 luerunt,
569 3200 652 3259 cuius
676 3200 767 3259 vicem
789 3218 847 3259 non
871 3207 1043 3260 tenuerunt:
1066 3199 1112 3259 dei
1135 3200 1211 3258 enim
1232 3216 1357 3275 regnare
1374 3205 1421 3258 est
1435 3217 1533 3276 pacem

245 3309 364 3362 tenere:
387 3302 477 3360 immo
493 3300 659 3361 alienissimi
674 3302 793 3361 luerunt
814 3320 829 3360 a
845 3300 976 3369 Christo,
1000 3302 1083 3360 cuius
1098 3300 1264 3377 adsperuati
1279 3298 1373 3359 studia
1389 3291 1577 3358 dirersumn'

208 3444 213 3449 -
247 3403 310 3463 vitre
333 3422 427 3481 genus
448 3403 540 3463 secuti
563 3409 646 3469 sunt;
669 3401 746 3461 illius
768 3421 824 3480 pax
848 3409 892 3462 est
915 3403 1008 3470 enirn,
1031 3402 1062 3462 bi
1083 3400 1159 3474 bella
1175 3400 1388 3479 sequebantur3
1413 3399 1535 3461 illeser·

161 3505 164 3511 “
246 3525 314 3566 vare
337 3505 470 3566 docendo
492 3505 627 3565 homines
649 3504 773 3573 studuit,
797 3504 826 3564 lri
849 3503 974 3581 perdere
996 3504 1086 3564 armis
1106 3502 1291 3581 satagebarrt3
1314 3499 1362 3561 ille
1377 3519 1465 3562 suum
1481 3520 1536 3562 cee-

166 3632 174 3641 ·
246 3606 318 3668 leste
350 3624 475 3685 regnum
510 3625 574 3666 esse
606 3606 746 3673 ostendit,
780 3607 810 3666 lri
837 3607 933 3682 primo
961 3604 1025 3664 loeo
1052 3605 1153 3665 muudi
1181 3606 1303 3682 imperia
1331 3605 1538 3681 quaesiverunt

248 3727 319 3787 ergo
341 3728 397 3768 uec
418 3708 496 3769 beati
518 3709 651 3776 luerunt,
687 3708 753 3785 quia
776 3708 887 3784 pacilici
918 3725 976 3765 uon
1007 3707 1140 3774 luerunt;
1172 3725 1227 3766 nee
1254 3705 1304 3765 lilii
1332 3705 1380 3764 dei
1409 3706 1539 3773 luerunt,

203 3812 313 3890 aquia
337 3810 447 3880 ‘Beati’,
482 3809 614 3869 Cirristns
636 3803 744 3887 inquit,
779 3809 915 3886 pacifici,
945 3808 1082 3885 quioniam
1105 3806 1288 3868 vocabuntur
1309 3804 1359 3864 lilii
1381 3805 1448 3865 dei’.
1495 3805 1571 3866 Eun

246 3931 300 3991 per
322 3919 351 3972 te
373 3919 565 3971 restauratam
590 3929 691 3988 pacem
714 3911 815 3988 igitur,
850 3928 915 3986 quae
943 3910 1065 3969 istorum
1094 3910 1283 3986 peruersitate
1313 3906 1440 3984 collapsa
1464 3908 1542 3967 lere·

246 4014 341 4074 batur.
387 4020 473 4091 atque
497 4013 571 4072 lianc
594 4012 698 4072 literati
721 4013 864 4089 imprimis
887 4011 1020 4070 lrorniues
1043 4029 1149 4088 magno
1177 4017 1355 4088 acceperunt
1381 4008 1544 4070 exhibente

245 4122 274 4175 te
297 4115 417 4192 gaudim
452 4114 556 4173 deinde
579 4114 597 4173 ii
620 4131 754 4191 quoque,
789 4132 804 4172 a
828 4112 935 4192 quibus
956 4112 1062 4171 iniuste
1085 4111 1180 4172 ablata
1203 4130 1257 4188 per
1285 4110 1418 4170 iraudem
1440 4111 1545 4170 'inulta

246 4219 377 4283 luerent,
402 4214 588 4298 cupidissime
611 4212 754 4291 compleri
777 4220 861 4273 suut:
886 4215 964 4273 verrit
985 4214 1061 4272 eninr
1085 4214 1247 4273 crunl'aee
1270 4231 1343 4280 una,
1366 4212 1546 4272 restituente

247 4325 289 4386 te,
322 4311 446 4382 lustitia,
481 4315 618 4393 quoniarn
651 4315 730 4374 iuxta
763 4315 914 4393 prophetae
947 4316 1071 4376 vertum
1103 4317 1160 4375 lroc
1188 4315 1370 4392 potissimum
1404 4319 1581 4392 ternporea·

247 4418 357 4478 lustitia
380 4426 408 4475 et
431 4416 489 4475 lux
513 4415 649 4475 osculatio
671 4424 753 4485 sunt;
787 4418 865 4477 venit
891 4424 920 4477 et
942 4417 1042 4486 Fides,
1077 4424 1105 4476 et
1133 4415 1180 4475 illa
1208 4416 1286 4474 verrit
1313 4414 1459 4490 temporis
1489 4415 1547 4475 lilia

189 4525 234 4575 §.t
248 4518 375 4587 Veritas,
405 4537 440 4578 ao
462 4520 550 4597 regiae
573 4518 688 4578 abunde
711 4519 845 4588 virtutes,
874 4518 1033 4578 Clementia
1063 4527 1092 4578 et
1115 4516 1315 4576 lllnnsrretudo.
1359 4513 1450 4574 Vides
1474 4523 1550 4595 quot

249 4620 334 4681 simul
358 4619 503 4680 bonorum
526 4620 631 4679 arrtbor
654 4620 759 4688 lucris,
785 4620 842 4679 Leo
865 4620 992 4680 decinre!
1015 4620 1060 4680 Tu
1076 4620 1182 4679 l’aeem
1197 4617 1333 4676 adierens
1347 4618 1429 4694 pacis
1446 4617 1549 4688 simul,

248 4723 305 4783 lroc
328 4730 372 4782 est
394 4724 570 4799 optirnarum
594 4722 717 4789 artium,
751 4722 883 4782 invexisti
906 4720 1017 4790 strulia,
1052 4728 1081 4781 et
1102 4720 1242 4781 iustitiam
1272 4716 1442 4786 reddidisti,
1480 4720 1551 4799 qnia

246 4826 277 4884 in
300 4843 371 4902 paee
393 4823 473 4901 leges
495 4831 577 4892 suut,
611 4822 783 4901 exlegibus
807 4842 875 4882 veru
898 4824 1004 4883 iustitia
1033 4830 1091 4886 est:
1125 4829 1154 4882 ct
1182 4820 1359 4881 Libertatem
1389 4820 1585 4891 reduxistia

247 4946 335 5006 quam
358 4926 493 4985 comitata
517 4924 629 4985 Veritas
650 4942 757 5010 magno
780 4932 809 4985 et
831 4924 892 5002 ipsa
922 4930 1090 5002 temporum
1118 4930 1236 4982 tuorum
1265 4919 1437 4981 hominibus
1468 4941 1553 4984 enro-

316 5094 324 5127 ¹
338 5096 431 5156 „Inito
444 5094 610 5160 pontificatu
624 5094 818 5158 componendo·
832 5094 911 5159 pacis
925 5108 992 5141 cura
1005 5092 1133 5141 solicitus
1147 5091 1181 5141 ad
1194 5089 1471 5143 omnestristisnoe
1483 5095 1555 5162 reip.

246 5181 388 5245 principes
405 5179 515 5245 legatos
533 5178 616 5241 misit,
683 5183 714 5228 ut
726 5180 791 5229 odia
805 5184 833 5228 et
846 5194 923 5228 arma
936 5177 1133 5242 deponereut’‘.
1158 5176 1289 5226 Cinccou.
1302 5173 1359 5222 vit.
1374 5177 1493 5238 pontifi.
1500 5178 1555 5229 111.

247 5263 340 5330 p.3ll.
389 5264 587 5329 ⁸quioquid6.
640 5262 661 5295 ¹⁵
678 5264 810 5314 Pontifex
823 5279 920 5328 pacem
933 5279 988 5312 nou
1001 5262 1120 5327 diligens
1133 5261 1237 5311 Christi
1250 5259 1374 5310 vicarius
1386 5273 1447 5310 nen
1462 5266 1557 5314 estin

246 5366 327 5415 marq.
342 5351 402 5399 Μ.
452 5348 474 5381 ¹⁷
491 5345 604 5413 Pacem]
624 5347 760 5412 Evangel.
772 5362 828 5399 sec.
838 5348 936 5397 Ioann.
946 5348 1019 5397 XIV.
1034 5358 1068 5397 ur.
1111 5345 1374 5411 .²³osseregnum6.
1411 5341 1438 5377 ²⁵
1458 5346 1557 5416 Beati]

247 5436 355 5499 Evung.
378 5450 434 5484 see.
456 5433 556 5483 Matth.
571 5433 632 5485 Η.
719 5431 742 5463 ³⁰
760 5432 873 5481 iusticie
891 5433 926 5482 B.
940 5434 966 5481 3.
990 5438 1015 5481 et
1038 5436 1076 5482 sic
1098 5431 1188 5496 ubique
1210 5446 1261 5495 per
1277 5446 1294 5481 e
1392 5433 1558 5502 propheta]

248 5518 351 5569 Psalm.
364 5517 575 5567 Lxxxmtu.
644 5516 667 5550 ⁸³
686 5518 744 5567 Leo
763 5515 886 5566 decimus
904 5516 1037 5567 bonorum
1055 5516 1162 5566 sutbor.
1185 5519 1211 5565 in
1227 5531 1308 5580 maap.
1323 5515 1385 5566 ut.
