3625 7050
151 1235 155 1242 “
249 1216 321 1289 116
367 1230 492 1282 XXXVI.
511 1238 532 1280 t.
545 1243 609 1281 sos.
623 1243 706 1302 sustu
719 1243 874 1280 ssssossm
886 1244 1019 1281 amm.
1033 1245 1070 1281 An
1084 1246 1208 1282 sverm
1220 1246 1312 1282 sesso.
1326 1245 1438 1283 mm.

398 1401 445 1460 Aa
462 1416 570 1476 pacem
591 1403 674 1461 tates
702 1400 841 1461 Veretum
857 1404 980 1476 petiisse
1000 1402 1137 1463 rebellem

471 1502 585 1575 Nescis·
606 1506 635 1562 et
645 1503 765 1577 pondus
784 1519 843 1562 mon
865 1503 1002 1570 lutumst
1015 1501 1145 1579 preces?

400 1604 494 1676 Quam
511 1603 576 1676 suit
595 1607 748 1679 antiquam
768 1606 861 1663 satius
881 1607 1006 1665 coluisse
1019 1607 1180 1682 paludem,

345 1724 370 1766 rs
468 1705 568 1765 Iratos
588 1712 670 1765 terra
692 1721 782 1779 quam
799 1708 929 1765 tolerare
944 1703 1038 1766 deos?

399 1808 507 1884 Aspice
525 1814 555 1867 et
575 1809 641 1883 ipsa
663 1813 727 1866 tuos
744 1813 773 1867 te
792 1811 995 1885 contemplare
1010 1818 1070 1884 per
1089 1815 1189 1882 urttu,

470 1910 536 1968 Non
557 1911 677 1969 macula
698 1916 742 1968 est
770 1909 871 1970 Veneti
892 1912 1047 1985 conquiris
1067 1927 1129 1970 uma
1149 1911 1220 1981 titi·

398 2011 459 2072 Illa
480 2013 599 2086 quidem
615 2014 724 2070 nostris
745 2028 898 2086 nunquam
917 2011 1060 2084 soeliciter
1079 2016 1174 2073 armis

346 2129 371 2169 so
469 2113 598 2185 Restitit,
621 2116 651 2171 in
666 2115 770 2188 patrio
783 2130 862 2186 parts
884 2116 1019 2173 animosa
1041 2115 1138 2182 mari,·

399 2215 523 2274 Perdita
546 2216 633 2288 deflet
650 2215 751 2274 adnue
770 2217 876 2273 arnaco
897 2221 1000 2274 castra
1022 2215 1164 2285 doberto,

471 2317 624 2390 Pluraque
644 2318 675 2374 in
691 2317 850 2375 Austriaca
873 2319 962 2390 siqna
984 2317 1113 2376 videnda
1136 2316 1241 2374 domo.-
1280 2353 1285 2359 -

400 2418 526 2493 Respice
547 2426 631 2493 teque
651 2425 732 2477 retro
752 2417 803 2491 lis·
816 2420 914 2490 quinis
934 2420 1040 2492 collipe
1063 2419 1101 2477 ab
1123 2420 1225 2491 annis,

346 2541 370 2580 ss
435 2576 437 2581 ,
468 2520 604 2579 Invenies
623 2518 758 2590 faustum
781 2518 861 2578 nanc
882 2522 1064 2579 constituisse
1085 2520 1169 2578 ninii.
1256 2501 1259 2507 ⁴

401 2622 521 2696 Exiquo
539 2623 650 2695 quoties
671 2636 844 2679 numerosas
860 2623 951 2681 milite
969 2628 1084 2680 turmas
1276 2697 1283 2704 ¹

472 2724 619 2782 Fudimus
638 2728 667 2782 et
680 2739 783 2796 parra
801 2725 936 2783 maxima
956 2731 1059 2783 castra
1077 2718 1199 2781 manui·

401 2824 464 2884 Scit
482 2824 585 2882 Padus
605 2829 635 2882 et
652 2827 779 2898 propior
799 2824 932 2884 Mantooe
952 2825 1092 2900 Mpmcius
1110 2824 1179 2883 urbi

348 2945 373 2984 ss
473 2925 567 2999 Atque
586 2927 748 2984 Antenorei
768 2933 843 2984 tecta
865 2927 996 3000 superba
1014 2929 1104 2999 laris,

407 3026 497 3087 Testis
516 3035 545 3085 et
562 3043 708 3101 aequorea
729 3028 832 3086 clades
852 3029 1042 3104 lachrymosa
1063 3026 1231 3093 Baoeunoe:

473 3129 540 3187 Heu
560 3131 646 3188 tellus
666 3136 808 3202 quantum
826 3133 983 3203 sorsquinis
1002 3131 1056 3188 illa
1076 3128 1162 3188 otiu.-

402 3230 465 3290 Scit
493 3232 610 3290 Verona
631 3234 693 3291 suis
708 3248 769 3307 per
790 3248 844 3291 uos
865 3234 1026 3291 animosior
1048 3233 1156 3303 armas,

347 3350 372 3390 si
394 3371 397 3375 -
471 3332 533 3391 Nec
555 3335 637 3392 toties
655 3335 735 3394 uirtci
755 3333 869 3393 Brixia
892 3334 979 3392 docta
1001 3340 1105 3407 nepai,

402 3433 516 3492 Mtenia
538 3451 593 3493 nec
611 3437 729 3494 miserae
749 3436 913 3510 quondam,
933 3452 1014 3494 reuma
1033 3443 1124 3509 capta
1147 3433 1311 3504 Cremonis,
1385 3433 1389 3439 ’

476 3535 536 3596 Nec
566 3538 734 3597 Visentinus
756 3555 811 3597 nec
828 3539 1005 3597 Mutinensis
1024 3554 1117 3612 apem

403 3638 477 3714 Ipsa
492 3640 634 3714 paludosi
654 3640 840 3699 dominatrix
857 3643 938 3699 lenta
957 3638 1110 3715 profundi
1189 3689 1192 3696 .

351 3759 375 3799 os
475 3742 550 3799 Ante
570 3758 641 3801 suas
662 3744 734 3816 lepit
748 3741 881 3814 fulmina
902 3748 1004 3801 nostra
1025 3741 1146 3810 domus:

403 3843 540 3918 Liniperi
559 3845 655 3904 medio
676 3845 868 3919 trepidarunt
886 3859 1005 3918 aequore
1026 3849 1142 3915 aautoe,
1200 3884 1202 3888 -

475 3944 653 4019 Linquentes
671 3946 787 4021 pauida
809 3948 887 4005 retia
909 3947 997 4019 lapsa
1019 3960 1129 4013 manu,-

295 4036 299 4045 ’
405 4048 492 4107 Nunc
512 4054 580 4106 erat
597 4048 739 4107 nundum
757 4055 851 4121 partu
872 4054 913 4106 tot
931 4062 1008 4122 paee
1022 4063 1082 4121 per
1101 4061 1195 4105 annos

337 4168 375 4208 sos
474 4148 640 4222 Nostraque
658 4148 757 4221 soeliei
776 4148 872 4208 Rama
895 4148 1038 4207 adeunda
1056 4149 1144 4222 pede.

407 4249 485 4308 Ecce
506 4253 586 4308 timet
605 4266 695 4309 sacru
710 4253 827 4325 positus
842 4250 1001 4324 Leopallus
1021 4252 1052 4309 in
1073 4266 1145 4308 aree
1210 4259 1212 4263 ‘

478 4351 556 4410 Fors
576 4351 772 4425 Capitolinum
793 4368 918 4425 surpere
936 4368 1024 4427 posse
1041 4352 1158 4428 Iouem,

408 4451 487 4510 Ecce
508 4452 588 4510 timet
611 4452 785 4527 Gallumque
807 4461 892 4514 uocat
912 4454 1083 4528 dubitatque
1102 4467 1225 4511 manere

341 4572 377 4613 tos
477 4550 537 4611 Sao
552 4554 669 4613 domino
690 4554 815 4615 Romam
838 4557 957 4615 Caesare
975 4572 1063 4630 posse
1084 4569 1179 4640 silam

407 4655 474 4713 Heu
493 4655 566 4731 Leo,
587 4658 712 4717 coelestis
732 4660 857 4720 collator
873 4659 1001 4734 provide
1021 4658 1123 4735 requi,

326 4961 348 4993 ⁷⁹
367 4961 527 5011 felicitati.
597 4958 619 4992 ⁸¹
637 4957 717 5025 Rom]
737 4962 769 5010 de
787 4960 893 5020 Merca,
925 4963 988 5011 duce
1005 4960 1174 5016 Bullionensi,
1204 4956 1305 5007 Erardi
1324 4957 1478 5007 Leodiensis
1500 4959 1552 5022 epi·

258 5050 331 5113 scapi
344 5047 446 5110 fratre,
466 5048 508 5110 qui
524 5043 678 5095 Bradaatice
695 5046 792 5110 oppida
809 5052 963 5095 vastaverat.
1027 5042 1050 5077 ⁵²
1067 5044 1197 5093 Austrics
1210 5047 1236 5091 5.
1311 5038 1333 5073 ⁸¹
1351 5041 1424 5091 hanc
1442 5057 1492 5092 man
1509 5043 1552 5091 na·

260 5133 301 5182 bet
313 5136 339 5182 2.
391 5126 544 5173 ⁶⁷·“1·⁹¹*“¹‘1·
561 5129 593 5177 de
609 5133 702 5194 paqais
719 5147 744 5180 a.
758 5132 837 5179 tsts.
851 5146 909 5196 sqq.
926 5134 1070 5181 commusis.
1106 5128 1267 5192 ⁸⁷Myncius
1284 5142 1378 5176 omues.
1414 5125 1436 5158 ³⁸
1453 5127 1552 5202 intem

260 5223 337 5267 locta
354 5213 431 5281 laris]
450 5215 589 5263 Patauium.
650 5211 672 5244 ⁸⁰
690 5213 876 5265 lacrimosam
931 5202 1097 5278 clad.Ros.]
1116 5218 1142 5265 d.
1157 5209 1390 5277 11.Apr.a.1512.
1425 5212 1462 5275 cs.
1482 5211 1553 5262 oue

261 5304 372 5352 ciardmt
386 5301 445 5349 laist.
464 5299 526 5347 ltat.
545 5297 657 5347 dax:
697 5296 816 5349 ”toties
828 5302 933 5351 victam
944 5300 1042 5349 Brixia
1054 5297 1170 5363 pulchra
1181 5301 1268 5362 negat
1282 5299 1374 5347 3...5.
1426 5294 1553 5363 “palad

198 5403 203 5418 ¹
262 5381 373 5449 domim]
405 5385 530 5433 Venetiae.
587 5381 609 5415 ⁰⁸
626 5400 657 5432 m.
670 5381 743 5446 Sept.
755 5400 781 5433 a.
795 5388 875 5435 1513.
933 5382 967 5421 ¹⁰⁰
985 5384 1063 5434 felici
1076 5380 1136 5434 l.5.'
1194 5380 1224 5415 ¹⁰¹
1243 5382 1324 5431 timet
1341 5382 1428 5431 Latin
1445 5371 1565 5432 eleum

261 5469 421 5534 speculator
438 5468 467 5518 in
481 5469 573 5517 s...5.
627 5465 659 5500 ¹⁰²
676 5466 757 5532 posco
769 5471 795 5517 2.
854 5468 886 5503 ¹⁰³
904 5470 960 5520 Leo
970 5470 1004 5518 X.
1022 5486 1075 5519 esan
1085 5470 1214 5519 Ludarico
1223 5466 1293 5518 XII.
1309 5467 1439 5518 Gallum
1454 5481 1517 5532 repe
1527 5466 1553 5516 l.

263 5554 287 5602 6.
303 5552 356 5603 Oct.
374 5568 398 5601 a.
413 5553 493 5602 1513.
511 5558 603 5604 cosdra
622 5553 748 5605 &sarem
762 5559 854 5619 pactus
871 5559 919 5604 est.
955 5552 988 5587 ¹⁰⁵
1004 5555 1069 5606 Heu
1086 5554 1139 5605 tibi
1156 5569 1180 5605 c.
1195 5554 1300 5616 dmi„
