3625 7050
695 1217 834 1270 rotronis
853 1217 1015 1268 ruarmo.
1091 1205 1093 1210 '
1436 1234 1500 1281 xnr

208 1405 316 1468 toribus
346 1406 579 1484 adiumentisqne
608 1423 642 1465 ae
671 1404 708 1466 tle
735 1408 852 1466 fortuna
881 1423 933 1464 sua
963 1423 1021 1464 non
1044 1403 1185 1480 gratulari
1208 1403 1263 1465 sibi
1285 1414 1369 1482 grato
1392 1409 1498 1468 aniruo.

209 1536 317 1612 Scripta
340 1534 448 1613 quibus
470 1535 512 1593 uti
535 1534 655 1608 contigit
678 1533 774 1591 ‹irrruia
804 1531 951 1592 indicibus
981 1538 1041 1591 tum
1071 1532 1161 1608 priori
1188 1531 1326 1592 volumini
1348 1539 1500 1612 munninio

209 1667 265 1720 tum
287 1661 411 1739 singulis
432 1661 521 1719 totins
544 1660 642 1737 operis
664 1658 797 1736 partibus
820 1659 965 1718 annotatis
989 1658 1145 1733 diligenter
1175 1661 1318 1718 recensui.
1365 1661 1407 1720 lte
1430 1681 1499 1721 con-

210 1773 266 1846 silio
289 1807 357 1848 nreo
373 1788 519 1865 huiusque
542 1786 676 1846 editionis
698 1787 811 1845 ratione
833 1787 936 1862 paneis
958 1785 1110 1859 ili-lungar.
1156 1785 1275 1864 Huttaui
1299 1807 1363 1866 qua
1379 1791 1499 1867 eorrqui·

211 1931 271 1972 rere
295 1916 376 1990 notui
400 1915 509 1990 scripta
533 1913 628 1971 omnia
653 1920 711 1972 tam
735 1913 811 1971 edita
835 1930 923 1989 quun
948 1911 1070 1979 inedita,
1100 1911 1193 1989 ‹litalia
1217 1921 1285 1972 sunt
1307 1915 1335 1973 in
1360 1914 1404 1974 bis
1426 1915 1499 1974 ‹luo-

211 2039 259 2099 bns
287 2038 486 2100 voluminibus
515 2038 591 2099 baud
619 2018 834 2098 contemnendo
862 2055 1002 2105 numero,
1031 2055 1118 2115 quam
1148 2046 1251 2115 potero
1280 2043 1500 2117 castigatissime

139 2203 143 2211 ‚
211 2168 244 2225 ita
274 2166 360 2225 edam
383 2172 415 2226 ut
438 2185 472 2225 er
496 2167 566 2242 ipsis
589 2164 752 2225 litterarum
777 2165 878 2224 tonnis
901 2165 970 2242 quiri
994 2165 1030 2223 ab
1054 2166 1117 2240 ipso
1140 2165 1282 2231 llutteno‚
1312 2169 1382 2245 quid
1406 2169 1499 2229 eidem

211 2292 243 2352 ab
270 2292 334 2353 aliis
363 2300 390 2351 et
414 2292 484 2370 quial
508 2290 544 2350 ab
582 2290 743 2371 antinous
766 2291 934 2351 bominibus
957 2293 993 2350 de
1016 2292 1145 2351 Hutteno
1177 2294 1319 2368 seriptum
1349 2302 1426 2354 ossot
1456 2297 1498 2354 in·
1541 2309 1548 2325 ·

211 2418 356 2479 tuentibus
386 2394 536 2495 adpareat.
582 2437 656 2496 queis
686 2417 799 2477 libellos
833 2419 892 2476 sire
927 2419 1037 2477 imorta
1071 2419 1131 2476 sire
1165 2416 1235 2477 salsa
1264 2437 1331 2478 runi
1355 2423 1500 2480 maiorum

212 2553 375 2606 nostrornm
408 2554 469 2605 tmn
502 2545 589 2605 buius
622 2545 763 2621 temporis
793 2545 945 2603 bominum
980 2543 1083 2603 iurlieia
1108 2544 1235 2603 llntteno
1268 2546 1499 2623 adscripserunt,

213 2691 258 2730 eos
288 2672 339 2732 nbi
371 2673 408 2732 arl
442 2690 505 2731 reni
533 2673 631 2732 iactare
661 2670 837 2730 vitlebnulnr
866 2669 1073 2729 minutioribus
1101 2669 1204 2729 litteris
1236 2673 1414 2747 repetendos
1448 2693 1499 2734 ru·

212 2798 287 2858 rabo.
333 2799 413 2859 luter
436 2798 655 2875 orthographiae
684 2796 764 2875 logos
792 2815 856 2856 eam
888 2814 949 2872 [ine
977 2797 1082 2855 ceteris
1111 2797 1277 2865 observari,
1308 2818 1344 2858 ne
1366 2799 1403 2859 ab
1426 2803 1499 2862 ariti-

212 2926 350 3001 qnissimis
384 2924 628 3000 integrioribusve
658 2942 732 3001 qnos
760 2923 841 2983 arlire
871 2924 971 2983 ilatum
1001 2931 1078 2983 esset
1102 2924 1245 2993 ronubns,
1279 2926 1334 2984 nisi
1358 2925 1406 2985 nbi
1429 2945 1499 3004 ope-

213 3066 305 3110 rarmu
329 3057 441 3110 tantum
465 3059 584 3127 pere-ata
616 3050 789 3128 corrigenda
819 3058 933 3118 essent,
963 3048 1047 3109 larzile
1075 3051 1262 3111 rererlerem:
1294 3058 1424 3112 oetermn
1449 3053 1499 3114 ba·

213 3195 271 3236 nun
299 3196 401 3237 reruni
431 3179 553 3237 curiosis
583 3180 727 3238 rationem
757 3178 859 3237 retlilet
888 3178 1052 3245 adnotatio,
1082 3179 1110 3237 in
1139 3196 1196 3256 qua
1226 3186 1323 3237 mitten
1346 3198 1424 3259 saepe
1446 3199 1501 3240 nu-

212 3320 287 3362 mero
310 3305 397 3364 etiam
420 3303 609 3364 librariorum
632 3323 825 3382 ‹iperaruune
848 3304 963 3362 merulis
986 3323 1050 3382 trita».
1074 3305 1158 3362 variis
1174 3304 1303 3363 eiusdem
1320 3303 1386 3365 libri
1402 3325 1500 3366 ‹uerri-

213 3429 261 3506 plis
281 3433 358 3490 inter
380 3449 412 3490 se
434 3431 645 3514 distinguendis
667 3432 841 3491 inservirent
862 3431 960 3490 loeum
983 3431 1053 3489 ilaro
1077 3432 1168 3490 visuro
1191 3437 1244 3490 est.
1291 3449 1376 3507 {rores
1392 3431 1501 3510 ubique

212 3558 368 3618 eorundem
399 3558 556 3618 verborum
589 3560 698 3619 formas
727 3565 941 3636 repraesentare
970 3577 1029 3644 rum
1057 3557 1152 3626 lienit,
1182 3577 1249 3618 rrum
1278 3561 1364 3619 otiam
1391 3558 1499 3620 saeoulo

211 3683 319 3744 decimo
342 3692 425 3744 sexto
447 3669 607 3761 scriptores
629 3685 673 3745 rel
690 3686 848 3745 (tortissimi
872 3702 931 3743 non
954 3691 1098 3761 perpetuo
1114 3684 1215 3744 eadem
1233 3684 1319 3744 rerba
1337 3685 1439 3745 iisdem
1454 3686 1500 3746 lit-

211 3813 275 3871 teris
290 3816 387 3891 neque
403 3814 500 3872 omnia
516 3830 634 3890 semper
649 3814 709 3872 suis
732 3812 835 3871 litteris
857 3811 1061 3887 scripsissent.
1085 3812 1135 3869 seit
1160 3813 1235 3870 inter
1249 3829 1267 3870 o
1282 3820 1311 3870 et
1326 3820 1337 3869 t
1343 3857 1350 3876 ‚
1374 3830 1391 3870 c
1406 3819 1436 3870 et
1450 3830 1498 3885 qil.

210 3946 272 3997 eet
292 3956 320 3998 ατ
342 3937 387 3999 rel
409 3955 452 4007 αὶ,
474 3942 487 3998 i
508 3946 537 3999 et
557 3958 594 4014 y,
615 3941 638 4013 s
656 3947 685 3999 et
703 3940 762 4014 pli,
786 3957 805 3997 n
829 3944 858 3996 et
880 3956 935 4005 rin,
958 3956 973 3995 s
995 3944 1021 3995 et
1043 3939 1089 4008 ss,
1119 3945 1130 3994 t
1151 3944 1179 3994 et
1202 3945 1223 3995 tt
1244 3936 1434 4013 similiterque
1456 3937 1500 3994 in·

211 4070 250 4123 ter
277 4064 347 4124 alias
376 4064 486 4125 litteras
516 4067 619 4126 incerti
649 4067 848 4126 llnetnassent.
895 4062 988 4123 multo
1021 4065 1118 4122 minus
1152 4080 1216 4121 eam
1249 4061 1320 4121 mihi
1353 4060 1499 4121 licentiam

210 4193 316 4269 sumini
337 4199 370 4252 ut
393 4191 573 4288 stribliginps
595 4211 653 4252 uon
677 4192 787 4257 nullas.
810 4212 836 4251 r.
862 4210 886 4250 e.
912 4191 1148 4250 coniunctionem
1171 4209 1208 4251 oc
1231 4188 1346 4250 miliens
1368 4197 1435 4249 ante
1451 4208 1499 4248 vo-

211 4315 297 4376 calem
327 4319 466 4396 positam,
502 4318 635 4379 tollerem
667 4327 717 4379 aut
746 4326 847 4379 eontra
876 4319 995 4378 llntteni
1025 4317 1266 4377 ernrsuetudinem
1301 4318 1390 4378 verbo
1422 4322 1499 4377 enim

210 4444 312 4505 iustum
337 4444 447 4523 ubique
468 4446 567 4505 lormn
590 4446 790 4522 adsignarem,
815 4447 898 4526 qnasi
922 4446 985 4522 ipse
1006 4446 1185 4521 scriptorum
1208 4464 1224 4503 a
1247 4464 1293 4505 me
1317 4444 1499 4505 ederrrlorum

210 4579 306 4631 auctor
329 4589 441 4631 msem:
464 4590 534 4632 suos
556 4573 643 4632 etiam
667 4573 784 4650 egregia
809 4590 934 4650 corpora
959 4590 1056 4630 rraeros
1080 4571 1190 4630 lraltere
1213 4571 1354 4632 ruituralis
1377 4571 1421 4631 lex
1445 4580 1498 4631 est.

210 4695 267 4757 llon
289 4700 328 4758 ita
352 4700 456 4758 anxins
479 4698 535 4767 lui,
565 4700 588 4758 si
612 4702 787 4759 tierruaniee
810 4700 935 4776 scriptas
957 4716 1066 4776 easque
1089 4697 1205 4756 Latinas
1228 4706 1326 4772 partos
1348 4698 1500 4774 exceperis

210 4841 275 4901 quas
297 4832 348 4885 aut
370 4825 433 4902 ipse
456 4826 583 4901 primum
607 4833 656 4885 aut
680 4844 714 4885 ex
738 4827 808 4904 ipsis
832 4844 921 4885 manu
942 4826 1059 4901 seriptis
1081 4820 1222 4899 exemplis
1244 4820 1384 4890 exhibeo,
1408 4824 1438 4880 in
1461 4824 1499 4882 si-

210 4953 267 5026 gnis
289 4952 535 5028 interpunctionis
557 4970 645 5030 quam
669 4960 773 5011 rorant
795 4952 950 5012 rorumorle
973 4949 1117 5030 ptuumrlis
1140 4947 1348 5025 inutilibusque
1377 4948 1501 5006 reirien·

210 5076 261 5147 dis,
285 5096 323 5138 ne
346 5072 473 5138 lectores
495 5079 560 5138 rurli
583 5078 730 5156 hodieque
753 5077 868 5138 insolito
892 5077 1050 5137 rerliorurn
1074 5077 1259 5152 partiumque
1282 5074 1420 5133 orationis
1442 5073 1501 5133 ‹lis-

210 5205 435 5282 tiogneudorum
464 5193 562 5272 more,
592 5224 650 5284 qno
674 5206 736 5283 ipso
760 5205 842 5265 raltle
864 5207 978 5264 incerto
1002 5204 1140 5280 varioque
1163 5221 1230 5262 rum
1252 5202 1371 5261 llntteni
1393 5200 1499 5277 scripta

211 5334 378 5407 prodiemnt
401 5340 430 5393 et
458 5350 556 5409 operae
585 5340 614 5391 et
640 5333 695 5409 ipsi
726 5333 813 5391 etiam
841 5331 1001 5407 seriptores
1028 5328 1201 5396 utebantur,
1237 5327 1357 5388 moleste
1387 5328 1500 5403 iupedi-

212 5469 323 5521 rentur:
354 5478 423 5521 narn
452 5467 481 5519 et
503 5460 622 5519 llntteni
651 5458 750 5519 stilum
779 5459 808 5517 in
831 5454 1027 5518 eonnnatibns
1049 5455 1223 5532 pnnctisque
1246 5473 1274 5532 q.
1299 5475 1323 5513 r.
1348 5453 1500 5515 ellunden·
