3625 7050
239 1205 312 1277 358
366 1215 516 1268 CLXXIII.
536 1228 715 1264 nnaaucnrn.
735 1228 771 1263 aa
789 1228 826 1262 ιο.
848 1227 927 1261 nass.
946 1216 999 1260 aa?
1027 1210 1174 1262 CLXXIV.
1201 1224 1576 1266 cocananrracmm

256 1502 477 1538 wiermannus·
778 1465 992 1541 CLXXIII.
1350 1495 1371 1534 ε.
1386 1493 1587 1538 nunu,-

241 1556 512 1570 “⁸⁸‘’-
1333 1555 1587 1571 ,ἢ

594 1637 749 1687 renuam
776 1636 893 1686 nasso
921 1635 1179 1686 vnamsnavrm

631 1722 814 1801 [Pnntnnvs
836 1725 1082 1782 MELANCHTHON
1105 1720 1147 1801 8.]

325 1865 416 1925 Salso,
448 1863 482 1919 rui
508 1861 605 1922 llcsse,
636 1863 721 1917 frater
747 1861 894 1917 carissime.
941 1862 1006 1916 Cum
1028 1859 1088 1916 aliis
1113 1860 1206 1916 multis
1228 1862 1385 1923 escensis,
1409 1862 1532 1917 tumn:
1556 1893 1587 1928 ι

240 1953 360 2011 omnium
383 1950 468 2023 prima
492 1947 692 2002 iucundissiuna
715 1947 779 2001 urilri
802 1946 889 2001 litera
913 1955 966 2001 tuae
989 1946 1114 2006 Irrernut,
1144 1946 1216 2019 qnod
1238 1945 1375 2018 significas
1398 1947 1587 2014 adversa(

240 2048 267 2094 te
289 2052 398 2110 quinque
422 2033 582 2088 Sadducaeos
611 2033 702 2087 furere
728 2073 956 2086 ..........
995 2030 1092 2085 Invitat
1117 2029 1190 2086 ultro
1212 2030 1357 2086 Martinam
1381 2030 1510 2088 Francisn·
1527 2058 1587 2100 ζ

240 2125 272 2179 de
290 2120 450 2191 Sickiugeu.
470 2115 760 2190 equitariadcnuania‘.
779 2133 869 2171 rarum
891 2117 982 2171 «leam.
1016 2115 1151 2170 llntlenns
1176 2115 1426 2172 annemundum
1449 2115 1586 2173 Calb-

186 2236 188 2241 .
241 2208 354 2262 fratrem
377 2202 572 2278 proficiscitur,
601 2202 670 2256 viani
693 2203 814 2257 lactarus
837 2200 956 2255 libertati
980 2218 1028 2273 per
1052 2200 1181 2256 maximos
1203 2200 1350 2274 principes.
1392 2200 1461 2269 Quid
1484 2218 1587 2269 n·-

241 2307 382 2365 speremns
405 2287 505 2360 igitur?
530 2328 706 2341 ........
739 2287 835 2340 eciam
858 2285 942 2345 lunii,
962 2285 1059 2340 llllllll.

242 2471 392 2523 CLXXIII.
431 2468 534 2533 Corpus
549 2468 769 2517 Resormatornm
790 2468 832 2517 ed.
853 2467 883 2517 0.
904 2467 936 2516 G.
955 2464 1182 2516 Brotselme'nler.
1201 2465 1263 2516 Vol.
1277 2466 1300 2515 1.
1318 2465 1385 2516 nal.
1405 2464 1476 2516 luae
1577 2484 1587 2531 4

241 2575 267 2623 p.
280 2554 340 2605 201.
354 2570 380 2604 n.
394 2553 436 2603 78.
450 2551 523 2615 (‚‚Ex
536 2553 709 2618 autographo
722 2553 752 2600 iu
764 2551 830 2602 (lod.
844 2552 963 2617 Rehdig.
977 2552 1037 2600 Vol.
1050 2552 1082 2600 V.
1097 2555 1212 2601 curante
1224 2550 1253 2600 S.
1267 2551 1301 2601 V.
1314 2550 1453 2601 Schulzio.
1466 2552 1587 2629 A*

277 2640 410 2706 graplmm
424 2639 500 2687 inest
512 2637 578 2686 Cod.
592 2638 661 2687 Bar.
675 2637 711 2686 11.
726 2654 752 2701 p.
766 2635 825 2686 001.
839 2635 967 2701 Epistola
981 2640 1009 2684 et
1022 2636 1051 2684 in
1063 2637 1148 2684 Libro
1160 2635 1208 2684 VI.
1222 2651 1287 2700 pag.
1301 2633 1361 2685 324.
1376 2639 1489 2685 exstat''.
1508 2679 1517 2685 .
1565 2646 1575 2708 )

259 2993 490 3030 rnancorvnnrar.
772 2956 1007 3032 CLXXIII]
1342 2986 1375 3027 ¹2.
1389 2993 1446 3026 ivn.
1462 2985 1569 3042 ¹⁵20.

242 3045 513 3058 ——-—-—--—-·
1331 3047 1580 3078 -Ἃ

493 3133 634 3189 IOANNES
657 3133 839 3191 conannas
861 3132 1030 3189 antonno
1051 3132 1295 3190 PIRCKIIEIIIEIIO

827 3235 852 3275 S.
869 3236 897 3274 P.
914 3237 944 3274 1).
1566 3256 1586 3299 Β

186 3380 234 3430 pr,
328 3357 406 3431 Apud
429 3356 528 3411 lratres
552 3355 745 3429 prraurlieatores
767 3372 800 3409 ea
825 3354 958 3410 industria
980 3353 1069 3410 nullas
1091 3354 1123 3409 ad
1147 3363 1173 3409 te
1195 3353 1291 3410 literas
1312 3356 1425 3430 scripsi.
1446 3355 1548 3420 obser.

245 3441 405 3498 vandissime
425 3440 533 3496 domiue
555 3439 697 3500 llilibalde,
728 3439 800 3512 rpiirul
828 3439 955 3513 putabam
986 3439 1035 3494 libi
1065 3440 1153 3494 nunus
1180 3448 1289 3512 gratnm
1318 3440 1376 3497 sore
1400 3440 1438 3496 vel
1460 3442 1539 3504 mint.

245 3547 318 3585 mnur
340 3545 401 3603 cuni
429 3525 482 3582 illis
503 3526 652 3599 neguitiam.
700 3525 777 3580 l'crrit
794 3525 892 3581 deiude
912 3543 998 3598 gouer
1016 3534 1079 3580 tnrrs
1106 3543 1138 3580 eu
1162 3524 1317 3587 llollaudia‚
1349 3544 1427 3600 quem
1449 3525 1531 3589 literali

190 3626 360 3676 §aouerare
379 3630 435 3668 nou
460 3611 537 3685 potui
561 3619 675 3684 propter
694 3610 777 3688 citiuu
800 3610 859 3665 eins
876 3611 1026 3666 discessum
1044 3611 1299 3685 occupationesque.
1343 3629 1427 3685 nerpie
1448 3621 1524 3672 umen

243 3715 324 3770 grave
344 3698 408 3753 niilri
432 3698 464 3752 ad
483 3705 508 3751 tc
527 3703 716 3767 argumentum
735 3695 860 3756 suberat,
881 3694 933 3750 uisi
954 3695 1024 3768 quod
1048 3695 1081 3750 de
1103 3713 1199 3751 caussa
1218 3693 1327 3750 Ioauuis
1344 3695 1476 3755 llencldin.
1495 3698 1543 3754 ian

244 3784 321 3840 cuins
339 3781 520 3838 transactione
536 3781 615 3835 testis
633 3779 722 3842 astiti,
741 3780 833 3854 liuticis
849 3779 898 3835 uui
916 3798 1008 3836 reruni
1026 3779 1145 3836 scribere
1162 3778 1293 3835 volebam.
1328 3779 1408 3835 Erant
1423 3798 1437 3835 a
1453 3778 1517 3833 Ina·

242 3868 315 3924 cisco
337 3867 482 3940 Sielriugcu
503 3872 557 3920 tres
572 3866 700 3921 doctores
719 3865 910 3938 procuratorio
926 3864 1036 3920 nomino
1052 3865 1104 3920 huc
1122 3864 1198 3920 missi
1214 3881 1246 3918 ea
1259 3864 1338 3938 Spira
1353 3874 1380 3920 et
1395 3863 1512 3920 tornaio.

244 3962 273 4009 ut
294 3970 352 4008 reni
370 3959 576 4025 componerent.
617 3948 689 4004 Nihil
715 3950 810 4020 inagis
821 3950 930 4005 anxium
952 3948 1097 4009 fratribus.
1121 3950 1167 4005 sed
1190 3958 1347 4022 opportuna
1364 3948 1512 4021 multumque.

243 4045 273 4093 nt
298 4037 363 4092 mihi
386 4037 506 4097 ridetur,
534 4052 610 4107 aqna
631 4034 698 4090 iuita
719 4042 761 4089 est
785 4035 838 4096 ria,
860 4035 970 4108 utrique
993 4034 1078 4108 parti,
1101 4034 1127 4089 ui
1153 4032 1249 4096 fallor,
1274 4033 1441 4091 tolerabilior
1454 4048 1511 4106 qnia

243 4122 317 4177 curia
341 4122 468 4176 llornuua.
509 4119 611 4176 nerum
633 4138 647 4175 a
673 4119 802 4174 fratribus
824 4118 1028 4193 provincialilcr
1049 4118 1177 4175 collatum
1201 4136 1277 4181 esse,
1309 4130 1339 4175 nt
1360 4118 1452 4176 mulcta
1468 4114 1533 4188 sps

244 4206 332 4262 reusis
359 4205 502 4261 sententiae
530 4202 744 4278 persolveretur,
779 4222 832 4278 qrro
859 4205 894 4260 dc
924 4205 990 4261 niliil
1019 4206 1086 4260 certi
1115 4204 1215 4265 habco.
1252 4221 1342 4278 neque
1371 4206 1510 4273 Interrogare

146 4337 149 4344 .
189 4290 345 4353 §.aeurari
381 4290 407 4345 ld
427 4288 492 4344 milii
511 4297 542 4344 ut
561 4289 623 4343 testi
643 4297 765 4350 constat,
787 4289 858 4362 qnod
878 4289 976 4345 fratres
992 4288 1194 4362 pruniacialiter
1209 4290 1412 4346 consuaserunt
1429 4282 1510 4344 inurle

244 4376 327 4430 lloma
352 4381 544 4447 procuratores
567 4373 691 4429 Iacobum
709 4373 966 4447 Quosteuhcrginm
990 4369 1114 4430 loannem
1132 4373 1280 4437 Cordium,
1300 4375 1441 4449 Casparem
1453 4369 1510 4426 niu

244 4459 371 4514 loannem
391 4459 497 4514 Pcueru
519 4467 546 4513 et
568 4458 695 4514 lodecum
714 4458 835 4531 Egingcr
857 4459 888 4515 ad
910 4458 1110 4514 sollicitandum
1136 4460 1207 4533 apud
1231 4459 1401 4531 pontificem,
1428 4467 1453 4514 nt
1470 4460 1510 4507 ¹⁰¹²

247 4542 291 4598 illa
312 4561 407 4599 caussa
429 4543 566 4616 sopiatur,
584 4561 645 4599 curu
664 4541 769 4599 honore
792 4544 936 4617 utriusque
954 4543 1054 4616 partis.
1075 4560 1108 4599 uc
1127 4542 1210 4599 ullius
1228 4542 1345 4600 laulatnr
1367 4545 1441 4600 lama.
1469 4532 1532 4590 Idi!

246 4628 342 4684 deinde
361 4627 587 4701 supplicationem
610 4628 739 4690 fratrum,
767 4646 819 4701 qaia
842 4628 1046 4702 provincialiter
1067 4629 1222 4701 pontificem
1246 4638 1325 4684 orant
1347 4648 1408 4685 cnm
1429 4619 1511 4683 burri

191 4725 236 4775 §.a
247 4712 295 4769 sica
315 4713 421 4769 loannis
435 4713 566 4769 llenehliu
583 4713 734 4774 mentione,
751 4721 780 4767 ut
798 4703 920 4769 carissam
936 4711 1009 4768 illam
1027 4723 1159 4786 perpetue
1175 4713 1326 4786 extinguat.
1373 4715 1408 4769 lle
1422 4708 1511 4768 Inthtrt

245 4799 387 4855 adrnodnm
410 4815 472 4854 raro
495 4798 539 4853 liic
558 4798 702 4872 qulequam
724 4798 812 4854 audio.
849 4799 950 4854 Triduo
965 4816 1026 4853 curu
1045 4798 1271 4872 predicatoribus
1286 4799 1419 4873 disputari
1433 4790 1510 4872 palliet

244 4901 339 4939 eornm
361 4900 437 4940 more
456 4901 486 4939 ac
508 4891 605 4956 rogatu
629 4900 753 4956 ueroque,
776 4883 823 4937 sed
846 4882 1003 4940 Lntlreriaui
1022 4884 1132 4939 omniuo
1151 4881 1219 4939 nihil
1239 4883 1447 4957 proponebatan.
1472 4887 1509 4931 ¹1⁰¹

244 4968 482 5041 praetermisissent
505 4974 579 5024 certe
605 4968 668 5041 qula
698 4985 749 5041 pro
780 4984 813 5023 ee
841 4968 1008 5040 arginssem.
1037 4968 1060 5022 si
1084 4986 1136 5042 qua
1158 4967 1295 5025 extitisset
1324 4967 1396 5025 illius
1416 4958 1531 5023 uerterit·³⁵

246 5052 303 5108 l'idi
324 5062 413 5109 autem
434 5062 462 5108 et
483 5052 542 5108 eins
563 5060 590 5107 et
611 5051 724 5108 alterins
747 5053 887 5108 cuiusdam
913 5052 1107 5126 responsiones
1130 5062 1227 5109 contra
1244 5052 1419 5109 Colonieuses
1439 5056 1460 5106 ct
1476 5043 1510 5098 Lo

246 5137 388 5194 vanienses
417 5137 582 5193 fortissimas
610 5154 673 5193 sane
701 5146 728 5192 et
757 5155 819 5193 vere
845 5137 1000 5193 Germanas.
1056 5138 1090 5194 lle
1108 5136 1225 5211 dialogis
1245 5138 1358 5213 scripsit
1376 5136 1436 5194 mihi
1452 5128 1509 5188 euru

501 5319 664 5368 CLXXIIII.
684 5319 840 5369 Heumann.
861 5319 931 5382 (Iud.
946 5319 1014 5369 bibl.
1028 5335 1054 5369 u.
1068 5318 1122 5378 70.)
1141 5337 1168 5385 p.
1182 5317 1289 5369 48...5o.

313 5452 502 5505 ²10anninr.
555 5452 672 5506 ⁴IIesse
691 5472 738 5507 em.
757 5472 779 5505 c.
800 5457 864 5506 Bau.
913 5455 978 5506 aliis
995 5456 1097 5506 e.Bnu.
1112 5455 1185 5505 alias
1203 5462 1264 5505 cett.
1300 5455 1363 5506 'da
1381 5446 1511 5506 earm-B!-

313 5538 533 5591 ⁸⁶·³⁷B0nonieu.
549 5538 782 5605 (proLovnnien.)
795 5542 856 5591 edit.
910 5539 933 5571 ³⁷
948 5537 1079 5606 dialogis]
1095 5540 1222 5603 Hutteni,
1238 5541 1363 5591 Fortuna
1375 5538 1421 5591 &a
