3625 7050
375 1224 779 1282 en.aaavenaa11maa11a
794 1241 1072 1282 carcassonense.
1086 1243 1173 1282 rann.
1187 1244 1222 1282 nr
1234 1244 1308 1283 nera.
1324 1232 1391 1284 rats?
1460 1217 1535 1293 237

243 1417 322 1461 nem.
368 1408 397 1461 et
419 1419 486 1460 curn
506 1401 617 1478 passim
640 1398 790 1467 Rernense
811 1397 908 1461 scelus
931 1409 1100 1471 caneretur,
1131 1399 1349 1462 dissimulabam
1372 1422 1535 1483 equorum

244 1500 408 1562 colluvione
436 1503 578 1562 immensa
605 1519 698 1579 prope
725 1520 760 1563 ac
790 1503 909 1581 pessimi
936 1501 1061 1579 exempli
1088 1501 1201 1562 scelera
1227 1503 1452 1580 produxissent,
1486 1525 1537 1567 eos

243 1603 323 1679 apud
350 1620 405 1662 nos
436 1603 537 1681 angeri
565 1602 742 1672 honoribus,
776 1603 869 1662 dotari
898 1602 1071 1663 rnrrneribns
1098 1623 1133 1664 ac
1158 1604 1321 1665 redditibus
1353 1603 1534 1684 locupletari.

243 1721 335 1782 porro
358 1702 428 1764 illud
450 1703 635 1773 metuebam,
658 1722 696 1764 ne
718 1711 887 1781 erumperet
907 1703 937 1762 id
960 1704 1111 1764 hominum
1128 1723 1221 1782 genus
1236 1706 1390 1766 censendis
1404 1708 1593 1768 meritust-⁴·

225 1824 280 1865 sac
301 1806 406 1865 studiis
427 1807 535 1864 nostris
557 1804 675 1883 prefici.
712 1804 904 1882 Allligehatnr
922 1806 1032 1864 interea
1049 1804 1145 1865 horrus
1160 1806 1306 1884 Caprium
1329 1809 1391 1884 ipse
1406 1816 1537 1868 nostram

243 1908 338 1966 vicem
361 1904 510 1976 dolebam,
535 1915 563 1966 et
585 1925 702 1967 meeum
724 1906 846 1966 insontis
861 1923 963 1966 casnm
977 1904 1151 1983 indignabar
1166 1890 1259 1968 aurici.
1298 1908 1399 1987 Neque
1419 1912 1538 1987 segnius

242 1992 331 2086 parta
351 2009 409 2067 iam
432 2009 550 2068 victoria
573 2006 687 2076 exulto,
722 2015 754 2066 ut
783 2007 884 2085 quiin
907 2009 1027 2067 exitium
1049 2008 1244 2085 pessimorum
1270 2009 1421 2069 hominurn
1449 2009 1536 2069 latam

243 2112 303 2169 iam
326 2110 501 2187 patefaciam
523 2109 681 2169 fenestram
702 2109 829 2168 videam:
853 2108 963 2186 quippe
977 2108 1089 2168 ancas
1104 2126 1179 2186 nego
1195 2117 1244 2168 aut
1259 2110 1418 2170 ardentiori
1433 2111 1537 2189 dignos
1547 2118 1594 2168 ta.

243 2209 314 2270 odio
337 2218 388 2269 ant
409 2211 513 2269 maiori
534 2210 749 2289 oppugnandos
771 2228 876 2288 opere:
900 2209 930 2270 hi
951 2217 1032 2279 sunt,
1056 2198 1163 2288 quihus
1177 2217 1344 2287 temporum
1360 2211 1536 2272 infelicitate

225 2317 328 2372 tracta
349 2311 443 2372 studia
471 2313 660 2380 interierunt,
693 2310 784 2372 literae
811 2310 990 2388 proculcatae
1018 2319 1099 2380 sunt,
1133 2311 1226 2370 divina
1255 2311 1400 2390 theologia
1429 2314 1465 2373 ad
1493 2316 1536 2373 in·

243 2411 349 2474 utilem
380 2410 600 2490 loquacitatem,
635 2430 732 2472 meras
765 2430 872 2491 nugas,
906 2411 996 2472 aniles
1023 2412 1146 2489 ineptias
1179 2413 1291 2473 recidit.
1347 2414 1445 2475 latins
1479 2416 1593 2475 ianae

245 2531 370 2592 magor,
392 2532 448 2573 nec
471 2532 520 2573 vos
542 2514 627 2591 pigre
649 2515 819 2592 agnoscitis
844 2512 1052 2591 Theologistae,
1076 2521 1179 2573 vestre
1202 2513 1283 2573 robis
1305 2513 1397 2591 culpas
1420 2518 1537 2576 conscii.

244 2614 355 2692 quibus
376 2616 508 2691 profecto
530 2612 624 2675 laetins
646 2614 718 2674 nihil
739 2616 869 2683 ominor,
900 2633 989 2692 qnam
1012 2621 1044 2674 nt
1065 2632 1204 2692 regnasse
1226 2634 1276 2674 ros
1299 2615 1414 2676 dicatis:
1445 2616 1539 2677 valent

245 2724 340 2786 artes,
362 2717 460 2794 rigent
481 2715 590 2784 studia,
613 2715 720 2776 florent
741 2717 870 2793 ingenia,
899 2715 1052 2775 barbaries
1079 2713 1189 2783 exulat,
1219 2715 1419 2777 doctissimum
1443 2721 1537 2794 ponti·

225 2818 333 2878 sllcem
355 2824 457 2877 restrae
480 2819 559 2894 piget
581 2815 753 2876 stoliditatis.
798 2816 843 2876 An
865 2817 1021 2894 quicquam
1047 2814 1121 2876 ultra
1149 2815 1310 2886 audebitis,
1345 2818 1451 2895 quibus
1478 2827 1594 2881 tamar.

244 2917 412 2979 infoeliciter
433 2920 497 2977 auri
519 2918 627 2977 ludaici
650 2919 796 2995 piscatura
819 2919 922 2977 cessit?
945 2917 987 2976 h'e
1010 2918 1110 2986 facite,
1139 2916 1240 2977 oculos
1263 2917 1351 2977 hahet
1373 2920 1538 2991 Germania,

245 3018 330 3080 robis
352 3018 516 3079 detractum
539 3017 649 3088 velum,
683 3020 836 3096 inaperta
859 3019 1007 3077 coristitnti
1030 3019 1177 3079 neminem
1200 3018 1352 3078 celabitis:
1385 3024 1538 3099 regnastis,

246 3125 297 3181 abt
319 3117 396 3181 malo
419 3119 589 3180 Christianae
617 3119 786 3196 reipublicae
808 3121 882 3188 fato,
906 3127 956 3179 ant
978 3122 1081 3179 eormn
1104 3122 1153 3199 qui
1177 3140 1227 3180 ros
1242 3122 1319 3197 passi
1334 3129 1402 3180 sunt
1417 3122 1538 3183 scelere.

247 3220 320 3292 Quis
342 3222 419 3281 enim
442 3239 495 3298 per
525 3221 596 3282 deos
622 3219 803 3280 immortales
830 3228 888 3279 tam
917 3222 1034 3300 iniquus
1061 3222 1205 3298 pontifex,
1239 3224 1288 3300 qni
1316 3224 1400 3283 nobis
1428 3226 1595 3301 primnsts:

225 3323 306 3388 ohoc
327 3325 429 3401 iugum
451 3322 639 3401 imponebat?
662 3329 712 3381 ant
733 3323 798 3400 quis
820 3323 858 3382 ita
880 3323 1002 3400 ignavus
1024 3321 1104 3382 orbis
1126 3329 1213 3383 terras
1234 3324 1408 3400 imperator,
1432 3327 1481 3403 qni
1497 3329 1538 3387 sic

247 3426 403 3486 manifeste
418 3430 548 3484 nostram
564 3423 649 3483 nobis
665 3422 829 3483 libertatern
845 3424 919 3500 eripi
935 3423 1067 3484 sinebat?
1090 3424 1147 3484 Sed
1164 3432 1244 3485 recte
1259 3425 1399 3487 adversus
1415 3426 1537 3505 Capnio·
1548 3441 1594 3490 §.a

247 3546 316 3589 nem
327 3528 527 3587 insurrexistis
539 3526 595 3586 hoc
607 3532 754 3603 tempore:
772 3544 838 3585 narn
852 3528 915 3586 eins
925 3528 979 3587 riri
990 3527 1190 3605 magnitudine
1205 3530 1440 3606 perspectissime
1457 3531 1538 3607 igno-

246 3648 315 3690 rare
336 3647 370 3689 se
392 3628 500 3688 diutius
522 3626 678 3687 Germania
700 3646 759 3686 non
781 3629 889 3705 potnit,
920 3647 1036 3689 serrare
1058 3648 1144 3689 surina
1172 3629 1277 3699 decus,
1305 3649 1387 3691 suani
1416 3629 1538 3709 gloriam

246 3730 369 3792 studuit.
413 3729 528 3790 blesum
550 3728 639 3805 igitur
664 3728 801 3790 insultate
826 3730 925 3799 victis,
954 3730 1101 3789 Germani.
1152 3748 1219 3790 narn
1247 3750 1306 3809 qno
1334 3733 1437 3791 maiori
1465 3732 1606 3792 ciffi-§.m

225 3830 358 3896 scultate
380 3830 443 3891 haec
464 3836 548 3908 parta
569 3828 688 3889 victoria
712 3836 770 3899 est,
802 3837 902 3907 utpote
925 3838 1058 3890 cetarum
1081 3832 1139 3891 iam
1161 3849 1270 3891 annum
1298 3839 1466 3910 oppugnato
1487 3833 1540 3892 (la-

247 3934 373 4012 pnione,
408 3951 442 3993 eo
464 3950 515 3991 vos
536 3929 668 3990 tenacius
689 3932 856 3992 meminisse
878 3933 909 3990 in
931 3937 1081 4008 posterum
1104 3933 1264 4010 oportebit,
1298 3939 1442 4011 qnatenus
1470 3935 1539 4012 quid

246 4035 327 4096 ferre
349 4033 491 4095 debeatis.
536 4034 594 4094 Sed
617 4035 675 4093 iam
698 4034 929 4113 triumphantem
951 4030 1129 4110 liapnionem
1153 4041 1282 4111 spectate
1304 4051 1339 4094 ac
1360 4033 1504 4112 plaudite!

878 4150 906 4210 2.

677 4253 801 4304 AVTOR
819 4251 1101 4304 THEOLOGISTIS.

225 4358 238 4399 a
334 4339 486 4419 Laqueum
508 4340 629 4409 sumite,
652 4322 861 4417 Theologistae‚
888 4338 995 4416 Viginti
1017 4338 1141 4415 amplius
1163 4358 1265 4400 sumus
1286 4341 1315 4399 in
1338 4340 1485 4401 infamiam
1508 4357 1543 4401 ac

246 4442 411 4520 perniciem
434 4449 559 4517 vestram
582 4441 740 4509 coniurati;
775 4439 900 4500 debetm·
929 4440 985 4501 hoc
1012 4440 1169 4519 Capnionis
1196 4442 1385 4512 innocentie,
1418 4441 1543 4502 debetur

317 4610 325 4643 ¹
345 4598 488 4661 Beruense
505 4607 607 4675 scelus]
635 4626 660 4660 a.
675 4608 749 4659 laon.
775 4614 904 4676 quattuor
922 4609 1024 4659 fratres
1042 4609 1145 4660 ordinis
1167 4609 1379 4675 praedicatorum
1397 4609 1430 4658 de
1449 4610 1543 4660 obser·

246 4697 348 4748 santia
365 4696 465 4744 Bernm
484 4694 617 4744 combusti
634 4700 697 4744 sunt
715 4699 827 4760 propter
844 4694 956 4744 fraudes
974 4694 1037 4744 ideo
1065 4696 1236 4756 commissas,
1267 4700 1298 4744 ut
1322 4700 1417 4745 contra
1441 4694 1543 4744 fratres

247 4781 371 4831 minores
389 4779 568 4829 ostenderent
586 4785 751 4844 conceptum
763 4780 859 4829 Mariae
878 4780 997 4844 virginis
1015 4794 1123 4829 sacrum
1140 4793 1195 4828 non
1214 4778 1308 4828 fuisse.
1327 4780 1446 4828 Exstant
1463 4778 1543 4842 plura

243 4865 284 4915 'de
302 4864 357 4915 hoc
374 4863 481 4913 scelere
501 4865 654 4929 composita
672 4865 797 4913 carmina
814 4863 960 4930 popularia
977 4880 1025 4912 oon
1042 4865 1090 4913 der
1106 4862 1278 4928 audefleclrten
1290 4862 1471 4927 Empsdnqntss
1483 4862 1542 4911 Μα-

246 4954 312 5009 rr'oe,
342 4964 455 5014 quornm
473 4962 555 4997 unum
573 4947 705 4998 Nicolaus
722 4946 835 4997 Mannel
853 4948 974 5012 scripsit.
1009 4948 1080 4997 Vide
1106 4947 1240 5014 imprimis
1270 4943 1391 5010 [Thomas
1410 4943 1541 5010 Meroen]

247 5037 292 5085 De
311 5039 442 5100 quattuor
458 5029 648 5082 haeresiarchis
664 5031 668 5097 Ι
684 5033 787 5082 ordinis
804 5031 1022 5082 Praedicatorum
1044 5033 1078 5082 dc
1097 5030 1303 5099 Obferzlnantin
1325 5035 1542 5095 nuncupatorum

248 5120 324 5185 apud
343 5119 349 5181 1
370 5114 513 5167 Suitenles
531 5119 558 5166 in
578 5118 695 5167 ciuitate
714 5112 855 5182 Berlnenfi
873 5114 1004 5166 cbbuftis.
1039 5115 1126 5181 Anlno
1147 5113 1249 5166 Chril'ti
1265 5114 1269 5177 Ι
1284 5116 1320 5164 Μ.
1336 5117 1369 5164 Ι).
1384 5117 1430 5164 ΙΧ.
1447 5113 1451 5177 Ι
1467 5118 1491 5163 in
1505 5115 1541 5163 4⁰.

248 5209 344 5254 exstat
356 5204 442 5252 etiam
454 5193 630 5252 Germanice.
692 5200 851 5251 ³reditibns
866 5204 957 5252 3.5.6.
1010 5201 1202 5250 ”infelicitate
1217 5202 1290 5249 3...6.
1344 5197 1365 5231 ¹²
1376 5202 1462 5264 pigrae
1475 5203 1542 5251 Α.5.

246 5290 329 5354 pigre
342 5287 375 5336 B.
413 5286 486 5351 pigri
496 5288 521 5335 4.
569 5283 590 5316 ¹⁶
603 5284 756 5336 infeliciter
770 5288 843 5336 3...6.
891 5286 913 5319 ¹⁷
931 5286 1061 5336 celabitis
1074 5288 1108 5335 Α.
1155 5284 1235 5349 ²⁰qui
1249 5286 1290 5333 ita
1304 5286 1328 5331 f.
1375 5282 1397 5314 ²³
1415 5289 1543 5334 octavum

247 5374 306 5423 iam
326 5368 402 5436 anm]
421 5371 539 5421 Ineunte
558 5387 583 5420 a.
600 5369 672 5418 1510.
697 5370 918 5421 Pfefserlrornius
935 5370 1119 5420 Renehlinnm
1137 5370 1246 5419 risendi
1269 5383 1354 5418 causa
1373 5369 1456 5431 adiit,
1481 5375 1544 5433 post

247 5456 323 5523 quod
345 5462 454 5520 ternpus
472 5457 532 5520 ipse
551 5469 612 5505 cum
630 5453 839 5505 coloniensibus
856 5455 929 5505 hunc
947 5455 1042 5505 statim
1060 5454 1189 5519 persequi
1207 5458 1372 5516 coeperunt.-

318 5539 340 5573 ⁸¹
360 5537 507 5608 coniurati]
526 5539 562 5592 ef.
576 5554 659 5606 supra
677 5556 702 5604 p.
718 5537 822 5605 130.sq.
841 5539 1096 5591 Rcuchlinistarum
1114 5539 1273 5589 exercitum.
