3625 7050
425 1246 429 1256 .
464 1209 583 1284 CLXlEl.
604 1224 727 1258 uvrreur
741 1222 777 1258 an
791 1223 941 1259 nnvannvu
956 1226 1029 1259 nsvu
1043 1226 1086 1259 nr.
1100 1226 1126 1259 n.
1140 1219 1173 1261 eo.
1189 1227 1247 1260 nar.
1265 1220 1321 1259 tarn.
1461 1199 1533 1270 347

241 1378 371 1457 probent
393 1385 421 1438 et
444 1378 596 1447 extollant,
626 1379 750 1439 eruditio
772 1376 856 1448 vero,
886 1397 981 1457 aqua
1008 1398 1111 1439 onmes
1138 1388 1282 1459 quotquot
1310 1391 1379 1442 sunt
1405 1386 1433 1443 in
1462 1384 1551 1444 Ger»

243 1482 339 1540 mania
363 1480 440 1540 docti
463 1481 624 1550 creverint,
654 1481 716 1558 ipse
738 1486 769 1540 tu
792 1483 816 1541 si
838 1482 874 1541 ad
898 1482 1112 1541 eordessionern
1135 1482 1260 1559 alligaris
1282 1485 1412 1554 iamiam,
1446 1493 1478 1545 ut
1500 1505 1535 1545 ex

243 1583 422 1640 conscientia
445 1582 539 1649 dicas,
563 1582 664 1659 negari
686 1601 745 1641 non
768 1585 859 1659 possit
881 1582 1004 1642 multum
1028 1591 1056 1642 te
1079 1586 1252 1660 profecisse,
1283 1586 1352 1664 quid
1375 1585 1452 1647 aliud
1474 1606 1535 1648 me·

243 1683 304 1743 reri
326 1683 458 1743 ilii-emus
481 1702 567 1762 quam
590 1690 622 1743 ut
645 1682 682 1742 ob
705 1684 847 1761 insignem
871 1685 947 1744 lrane
969 1686 1206 1761 ingratitudinem
1226 1706 1329 1747 omnes
1344 1689 1473 1756 oderint,
1497 1689 1535 1748 ob

223 1783 342 1845 vscelus
366 1804 435 1845 vero
458 1785 533 1845 male
555 1785 679 1844 multcut
706 1787 792 1845 etiam
820 1793 848 1846 et
870 1787 1008 1845 atrociter
1029 1789 1168 1863 puniant?
1201 1789 1315 1849 Siccine
1336 1791 1460 1850 amentia
1483 1801 1591 1867 po-tr.

243 1891 335 1949 tuisse
359 1890 442 1958 levri,
473 1894 505 1947 ut
527 1886 603 1947 ultro
630 1888 814 1964 perdendum
837 1887 1006 1964 praeberes?
1043 1889 1176 1967 perderis
1199 1892 1289 1960 euiru,
1314 1891 1446 1969 perderis
1468 1911 1536 1969 pro·

244 1992 339 2060 lecto,
362 2009 421 2050 uon
444 1988 499 2048 illis
522 1991 597 2049 lorte
620 1989 727 2067 quibus
750 1990 877 2066 defingis'
894 1989 1065 2049 meticulose
1079 1994 1221 2069 suspicari
1237 2000 1279 2061 te,
1302 1991 1404 2070 gladiis
1419 1979 1535 2070 bestris,

244 2093 296 2153 sed
326 2092 437 2152 vindice
468 2091 533 2151 stilo
563 2098 592 2150 et
619 2090 764 2150 bonorrnn
795 2092 926 2150 omnium
954 2094 1104 2153 sententiis
1126 2094 1291 2171 perfractus
1313 2101 1342 2172 et
1364 2075 1536 2155 conscissus

245 2195 299 2255 etsi
321 2193 393 2253 nibil
415 2193 488 2253 adeo
507 2199 663 2270 peccatum
686 2191 723 2251 ab
746 2191 802 2250 hoe
825 2191 882 2250 dici
904 2192 1024 2261 debeat,
1048 2196 1179 2273 quisquis
1200 2202 1229 2254 te
1252 2194 1289 2253 ob
1312 2195 1453 2256 virulenta
1475 2197 1537 2256 lnce

223 2295 388 2363 inconvicto,
418 2295 456 2354 ob
485 2293 715 2355 maledicentiam
747 2293 812 2370 plus
840 2295 919 2353 omni
949 2295 1126 2355 immanitate
1155 2296 1353 2356 detestandam
1387 2299 1416 2357 in
1445 2298 1536 2358 lrusta

245 2399 333 2458 etiam
361 2397 504 2457 discindat
531 2403 560 2456 et
587 2395 774 2457 comminuat.
821 2395 904 2467 Quod
933 2398 1075 2474 siquando
1109 2398 1233 2466 lactum,
1268 2397 1426 2458 clarissima
1455 2409 1591 2476 gensis.

244 2498 405 2579 populares
428 2499 469 2558 tni
486 2497 568 2576 Angli
592 2498 796 2574 cognoverint,
820 2496 887 2556 licet
910 2516 975 2565 eos,
999 2517 1063 2576 quer
1086 2499 1166 2559 lrans
1188 2506 1231 2558 est
1253 2508 1301 2559 tua
1324 2518 1448 2577 quaeque
1470 2520 1536 2578 per·

244 2601 382 2668 versitas,
414 2605 515 2659 eontra
539 2600 693 2658 Erasmnm
716 2601 863 2659 concitare
885 2588 1017 2667 studeas,
1047 2600 1208 2676 gaudenter
1230 2608 1327 2659 tamen
1350 2603 1459 2671 lereut,
1487 2604 1536 2680 qui

242 2709 274 2781 te
296 2689 379 2763 tanto
401 2701 596 2762 conviciatore
618 2701 659 2760 sie
682 2700 815 2778 improbe
838 2700 890 2760 abs
912 2719 944 2758 se
966 2699 1152 2760 dissentiente
1175 2710 1301 2760 careant.
1339 2701 1444 2762 Amant
1459 2706 1591 2763 enimse.

223 2806 341 2865 avii-um
364 2803 444 2864 hunc
466 2821 582 2870 ornnes,
606 2820 660 2862 nee
683 2810 778 2861 amant
803 2809 928 2870 tantum,
952 2802 1002 2861 sed
1025 2809 1203 2862 venerantur
1225 2804 1310 2862 etiam
1326 2810 1355 2863 et
1370 2813 1539 2865 reverenter

244 2905 355 2967 colunt.
401 2921 494 2982 quare
522 2905 624 2972 etiam,
653 2905 677 2963 si
705 2903 780 2963 bene
803 2902 970 2963 Trrnstallos
998 2906 1078 2970 novi,
1107 2903 1220 2974 bloros,
1244 2905 1397 2973 LinacroS,
1421 2907 1539 2966 l'acaeos

245 3015 274 3069 et
298 3008 442 3068 Grocinns
465 3012 545 3065 recte
567 3006 717 3083 perspexi,
741 3005 837 3080 dignis
859 3011 887 3065 te
910 3005 1004 3065 modis
1025 3011 1201 3065 tractaturos
1221 3007 1297 3075 scin,
1320 3008 1369 3084 qui
1391 3006 1467 3067 banc
1488 3026 1539 3085 pa·

243 3111 310 3171 triae
333 3115 432 3190 notam
454 3107 608 3174 inusseris,
632 3107 707 3166 hanc
730 3109 840 3166 numiui
864 3106 956 3184 duglo
979 3109 1140 3184 asperseris
1162 3106 1273 3177 labern,
1296 3114 1328 3167 ut
1350 3108 1418 3168 inde
1441 3127 1539 3187 egres-

245 3229 297 3272 sus
326 3209 395 3270 olim
424 3210 538 3270 dicatur
571 3210 621 3286 qui
649 3209 686 3268 de
713 3215 775 3268 toto
804 3209 961 3268 universim
991 3209 1064 3269 orbe
1091 3208 1167 3269 bene
1192 3215 1354 3270 merentem
1384 3210 1538 3270 Erasmum

223 3315 362 3391 tprimus
390 3311 528 3371 conviciis
555 3311 744 3387 prosciderit,
773 3311 886 3388 primus
914 3309 1073 3371 maledictis
1101 3311 1260 3371 insectatus
1287 3311 1332 3370 sit.
1377 3311 1466 3373 Cuius
1487 3312 1607 3372 ubit-¹⁰·

246 3415 350 3493 llagitii
372 3413 507 3473 conscius
530 3430 597 3472 eum
619 3413 674 3480 sis,
705 3431 760 3471 nee
782 3410 931 3471 humiliter
953 3413 1075 3481 sentias,
1109 3410 1161 3470 sed
1183 3412 1308 3472 animam
1331 3408 1540 3490 superbissime

246 3515 359 3578 exaltes
379 3521 475 3586 tuam,
506 3520 603 3574 tamen
627 3513 732 3584 audes,
761 3521 794 3573 ut
816 3512 945 3574 ecelesiae
969 3513 1118 3583 consulas,
1146 3515 1254 3592 scripta
1277 3514 1329 3574 ab's
1354 3521 1383 3575 te
1412 3515 1475 3575 baec
1497 3515 1540 3576 di·

247 3638 335 3688 rere,
366 3626 394 3678 et
417 3617 579 3677 Christiana
610 3634 696 3676 usum
724 3615 866 3676 modestia
893 3615 1066 3692 praetendis,
1095 3634 1221 3693 eumque
1244 3634 1303 3674 non
1330 3616 1439 3676 babeas
1461 3617 1540 3694 qnod

246 3723 277 3781 in
306 3719 356 3780 illo
383 3719 470 3796 digne
497 3718 712 3795 reprehendas,
747 3717 783 3776 ad
812 3716 965 3776 maledieta
992 3723 1021 3776 te
1050 3718 1209 3786 convertis,
1244 3717 1350 3796 quibus
1375 3718 1540 3795 petulanter

223 3838 237 3877 a
247 3823 323 3884 adeo
345 3822 452 3889 uteris,
482 3826 515 3879 ut
536 3822 565 3879 in
588 3836 691 3878 omnes
712 3818 798 3878 simul
821 3819 985 3878 Germaniae
1007 3818 1109 3905 doctos
1132 3816 1250 3877 iaculari
1273 3836 1305 3879 ea
1332 3837 1391 3878 rron
1413 3819 1537 3880 dubites.

247 3926 321 3997 Quis
344 3930 388 3984 est
410 3920 458 3983 bic
480 3923 573 3988 enim,
603 3921 658 3997 qui
681 3920 717 3979 ad
740 3938 772 3978 se
795 3938 852 3978 non
877 3919 954 3978 dicat
976 3921 1124 3996 pertinere
1147 3919 1204 3978 bne
1231 3919 1309 3997 quod
1332 3919 1452 3989 scribis,
1475 3920 1607 3997 pal-en.

247 4043 342 4104 pones
364 4024 505 4103 quosdam
528 4020 620 4082 solem
643 4021 722 4081 bmrc
744 4040 846 4089 suuni,
871 4039 956 4080 suum
980 4027 1199 4089 ornamentum,
1223 4038 1368 4098 suumque
1383 4021 1473 4081 decus
1488 4039 1538 4099 ap-

246 4125 359 4207 pellare
381 4124 498 4185 solitost
525 4124 560 4183 At
583 4141 637 4183 nes
660 4141 713 4201 ego
736 4122 801 4181 dieo
823 4128 937 4181 tanturn
960 4139 1077 4198 semper
1096 4121 1223 4182 abluisse
1238 4121 1275 4181 ab
1291 4120 1465 4182 adulationis
1479 4127 1608 4183 stu-§.¹2
1640 4147 1642 4152 ·

247 4230 313 4297 dio,
338 4234 479 4306 quantum
502 4233 535 4286 tu
557 4225 593 4285 ab
617 4226 696 4285 omni
718 4223 879 4302 probitate,
903 4223 940 4283 ab
956 4224 1035 4283 omni
1051 4223 1207 4284 derelictus
1223 4242 1254 4284 es
1269 4224 1448 4301 integritate,
1472 4243 1537 4284 con·

223 4336 419 4408 estanterque
447 4328 584 4388 adserere
612 4326 711 4387 lumen
740 4326 797 4386 boc
823 4332 957 4386 nostrum
986 4329 1177 4404 nostramque
1199 4325 1336 4403 gloriam,
1364 4333 1453 4404 teque
1475 4328 1542 4387 odio

247 4449 367 4510 semper
391 4436 522 4490 extremo
544 4427 714 4496 babituroS,
737 4428 787 4505 qui
809 4426 894 4486 nobis
917 4427 979 4487 haec
1001 4427 1143 4497 invideas,
1172 4426 1328 4507 aliquando
1351 4430 1437 4488 etiam
1460 4428 1541 4488 dolo·
1571 4415 1573 4422 ¹

248 4552 313 4595 rem
335 4533 415 4592 hunc
438 4531 564 4595 ulturos,
588 4530 612 4588 si
635 4547 693 4588 nou
710 4528 815 4597 aliter,
838 4530 955 4607 scriptis
978 4535 1058 4589 certe
1080 4529 1158 4589 baud
1181 4536 1209 4588 te
1231 4530 1366 4607 indignis.
1404 4530 1463 4590 lam
1480 4530 1610 4601 benet-¹³.

247 4634 371 4711 insignis
399 4634 476 4693 enim
503 4633 608 4693 iniuria
638 4639 728 4700 esset,
757 4632 805 4709 qui
835 4631 864 4690 in
893 4629 1146 4691 maledictionibus
1174 4632 1360 4699 seminasset,
1393 4631 1423 4690 in
1452 4629 1541 4690 male·

248 4734 427 4797 dictionibus
454 4753 521 4795 eum
550 4751 609 4792 non
638 4739 763 4801 metere,
793 4731 941 4793 homiuem
970 4733 1134 4808 praesertim
1162 4730 1271 4791 nullius
1293 4730 1377 4791 bonae
1400 4733 1492 4808 frugis
1515 4740 1544 4792 et

223 4838 335 4899 oenus
357 4834 436 4896 nulla
458 4852 588 4913 unquam
611 4834 725 4912 cognita
748 4834 839 4894 virtus
863 4840 919 4902 est,
947 4833 1026 4893 unde
1047 4832 1092 4893 vel
1115 4833 1235 4892 minimo
1258 4832 1339 4891 istius
1361 4834 1477 4909 generis
1500 4834 1543 4893 di·

249 4939 313 5001 luto
337 4938 419 4999 venia
442 4938 567 5014 irrogari
589 4936 712 4996 debeatl
744 4934 838 5005 Quam
861 4941 995 5011 putarem
1018 4934 1093 4993 enim
1121 4932 1311 4993 exultandum
1332 4932 1398 5001 tibi,
1426 4934 1450 4991 si
1473 4934 1542 5011 qnid

248 5059 381 5120 unquam
404 5039 535 5099 dedisses
556 5044 589 5098 tu
611 5037 696 5107 boni,
723 5037 772 5116 qni
794 5043 907 5096 tantum
931 5036 960 5094 in
982 5036 1075 5112 prima
1099 5034 1153 5095 bac
1175 5034 1280 5094 lotura
1302 5032 1369 5093 mali
1391 5033 1462 5093 dare
1484 5050 1542 5092 non

318 5258 502 5326 ¹intid3.4.
549 5255 764 5309 ‘utendam
818 5254 1034 5306 ”frustrum
1082 5252 1103 5287 ¹⁸
1121 5253 1277 5317 adspereris
1289 5255 1390 5320 2...4.‚
1415 5248 1544 5318 ²⁰proci·

240 5329 321 5400 'dent
335 5350 359 5396 2.
369 5350 395 5396 3.
448 5347 468 5379 ²¹
483 5346 595 5397 conclus
609 5347 635 5393 3.
687 5340 749 5408 nee]
768 5356 822 5391 non
835 5344 860 5389 2.
870 5344 896 5391 3.
954 5336 1333 5405 uperbissime(e:cer'dtti)A.
1379 5334 1543 5403 ¹²¹⁸adpel·

245 5436 397 5487 larem.
455 5431 477 5464 ³³
496 5432 584 5497 quiin
598 5428 643 5494 rm]
659 5429 695 5478 el.
709 5428 746 5477 ΙΙ,
760 5425 839 5476 Paul.
854 5427 889 5476 ad
902 5425 964 5475 Cor.
978 5426 1026 5474 lx.
1040 5423 1064 5474 6.
1122 5422 1383 5476 ³⁵estvirtns3A.
1436 5420 1543 5476 ³⁰irre)-

244 5537 316 5592 gare
331 5522 358 5571 3.
365 5521 391 5570 4.
445 5515 635 5569 exsultandum
650 5515 723 5563 2...4.
