3625 7050
259 1199 329 1271 112
427 1214 551 1267 XXXVI.
579 1222 748 1266 numerosa
760 1229 797 1263 au
810 1227 1023 1265 unumunurn
1035 1227 1102 1264 cas.
1115 1227 1221 1264 tramae
1238 1227 1373 1265 nomeu.

410 1384 453 1445 Dii
475 1383 580 1446 melius
602 1402 692 1464 quam
712 1390 744 1446 tu
766 1383 906 1462 desperes
927 1384 982 1446 ista
1003 1384 1116 1454 iurare;

344 1506 380 1546 ue
480 1487 527 1548 Sic
550 1487 656 1559 cecidi,
679 1494 712 1548 ut
732 1488 841 1565 possint
864 1504 988 1564 surgere
1007 1485 1090 1563 lapsa
1111 1492 1225 1555 tamem

407 1561 525 1648 Gr'ande
547 1589 665 1667 quidem
689 1588 807 1659 vulnus,
829 1588 882 1650 sed
903 1588 1002 1648 adbuc
1023 1586 1196 1649 medicabile
1217 1593 1352 1647 nostrum
1375 1594 1428 1655 est,

478 1690 539 1751 Nec
560 1690 631 1750 levis
653 1697 711 1761 est,
735 1709 790 1752 nec
811 1690 909 1752 adhuc
930 1689 1016 1769 plaga
1038 1697 1155 1750 recusat
1177 1708 1274 1767 opem.

406 1791 452 1852 lle
475 1793 528 1852 nisi
550 1801 583 1853 tu
604 1793 746 1863 redimas,
769 1794 824 1853 nisi
846 1799 875 1853 to
896 1789 973 1852 dn'ce
993 1790 1087 1851 libera
1108 1798 1227 1863 restem.

344 1913 382 1953 roo
481 1894 537 1954 Tot
559 1895 676 1955 venient
696 1913 782 1973 reges
804 1894 854 1974 qui
876 1892 961 1954 facile
981 1892 1054 1954 illud
1075 1900 1179 1971 agent:

407 1995 451 2057 Ne
473 1996 536 2057 sine
556 2004 587 2058 te
607 1998 697 2066 vinci,
721 2015 772 2066 ne,
796 2016 861 2076 qnae
883 2003 933 2056 tua
955 1996 1073 2073 propria
1097 1993 1161 2055 laus
1183 2002 1235 2063 cst,

477 2097 560 2158 Hanc
581 2097 709 2177 aliquem
730 2096 826 2158 media
846 2098 1035 2176 praeripuisse
1056 2115 1150 2158 mora.

406 2199 466 2261 Nec
488 2199 540 2260 tibi
562 2199 716 2261 Trinacrio
738 2199 895 2260 sulcandos
910 2198 1014 2288 'littore
1036 2198 1144 2259 iluctus

339 2321 377 2360 aot
476 2302 614 2380 Propone
636 2310 686 2363 aut
709 2302 812 2363 dubias
833 2301 946 2362 lindere
969 2300 1061 2361 classe
1083 2302 1156 2361 rias:
1200 2306 1203 2316 '

407 2403 443 2463 Ut
464 2404 536 2464 milri
557 2422 605 2466 me
627 2405 747 2474 reddas,
773 2411 807 2466 ut
827 2412 857 2465 te
879 2405 908 2463 in
931 2411 980 2463 tua
1002 2404 1067 2463 iura
1090 2402 1229 2463 reducas:

478 2506 563 2575 Quod
584 2506 689 2575 iacies,
712 2515 762 2567 tua
785 2524 838 2585 per
860 2523 952 2583 regua
974 2504 1088 2566 tenebis
1109 2507 1182 2574 iter;

406 2606 508 2667 Omnis
530 2607 566 2667 ab
589 2611 721 2686 apposita
743 2608 795 2670 tibi
818 2628 850 2669 se
872 2626 977 2668 manns
998 2607 1096 2667 adiicit
1118 2606 1199 2684 Alpe,

342 2728 380 2768 ros
480 2709 619 2770 Maiorem
641 2711 700 2770 uim
721 2730 779 2791 quo
801 2709 917 2788 longius
938 2709 994 2770 ibis
1016 2709 1121 2777 lrabes;

407 2811 467 2871 b'ec
489 2818 603 2872 tantum
624 2812 754 2873 adversa·
775 2814 909 2873 minuent
930 2819 980 2871 tna
1002 2810 1111 2871 robora
1133 2827 1248 2887 pugna,

480 2912 627 2982 Quantum
650 2914 727 2974 acies
749 2915 853 2975 subitis
875 2920 990 2975 crescet
1011 2912 1047 2972 ab
1064 2911 1192 2973 auxiliis:

407 3014 463 3083 Qui
485 3013 610 3075 Venetas
632 3017 734 3094 lugere
756 3034 875 3085 manus,
899 3034 974 3094 quos
996 3013 1089 3075 Galba
1111 3014 1186 3080 sicit,

342 3135 380 3174 nr
479 3117 516 3176 Et
537 3136 625 3196 grave
646 3117 833 3179 Thuscorunr
854 3119 904 3196 qui
926 3135 1053 3179 renuere
1073 3117 1184 3194 iugum,

346 3224 350 3232 '
407 3217 444 3279 Et
464 3219 533 3280 fidei
554 3228 666 3281 serrata
689 3226 746 3280 tuae
769 3238 834 3299 quac
856 3239 888 3281 se
909 3222 1026 3298 agmina
1047 3216 1179 3279 nondum

479 3321 576 3381 Hostis
597 3323 627 3380 in
649 3322 786 3386 adversas
808 3321 977 3401 explicuere
997 3340 1110 3390 manus,

406 3420 469 3492 Qua
491 3442 550 3483 non
574 3442 638 3485 esse
659 3431 759 3502 putas,
783 3426 935 3486 effundent
955 3441 988 3485 se
1008 3441 1092 3486 arma
1114 3423 1234 3501 virique,

340 3546 378 3587 no
477 3526 612 3587 Excutiet
632 3526 759 3588 latebras
779 3528 824 3589 ira
845 3526 960 3605 sepulta
981 3545 1059 3595 suas,

406 3628 458 3699 Ut,
482 3630 506 3688 si
528 3628 607 3690 nulla
629 3637 695 3690 tuos
717 3630 874 3690 Germania
895 3627 1018 3690 roboret
1039 3645 1136 3696 ausus

478 3731 547 3792 Haec
568 3738 666 3791 tanuen
688 3732 816 3792 Ausonio
838 3731 929 3791 milito
950 3729 1026 3792 bella
1049 3748 1149 3808 geras:

407 3833 509 3893 Omnis
530 3833 567 3893 ab
591 3834 726 3896 exulibus
748 3836 864 3912 gravior
885 3834 1024 3901 vindicta,
1048 3831 1168 3909 negabis

340 3955 379 3995 reo
433 3943 442 3958 '
477 3934 568 3996 lrasci
590 3936 706 3997 Venetis
727 3944 757 3998 te
777 3937 908 4015 potuisse
930 3936 1038 4013 magis;

407 4039 531 4116 Asperat
552 4039 678 4098 otlcrrsas
700 4038 779 4100 illata
800 4040 905 4099 iniuria
928 4043 1050 4104 urentes,

478 4139 590 4217 Cogitat
612 4139 712 4200 rrlcisci
734 4141 866 4219 quisquis
887 4139 995 4200 acerba
1016 4138 1093 4205 tulit:

406 4240 506 4300 Laude
527 4248 578 4300 tua
601 4242 689 4302 tac-ies
711 4240 806 4302 alieno
828 4240 904 4301 bella
927 4240 1056 4317 periclo:
1087 4264 1093 4274 ·

340 4361 379 4401 rra
479 4341 555 4411 Quid
577 4342 693 4403 dubitas
714 4345 814 4420 spacio
836 4344 987 4421 corripere
1008 4360 1090 4402 arma
1112 4342 1210 4402 brevi?

406 4443 443 4503 tt
464 4451 578 4505 taceam
600 4453 741 4523 quantum
765 4452 809 4505 est
830 4444 904 4506 lucri
927 4446 1087 4506 certamine
1109 4444 1145 4504 ab
1167 4442 1226 4510 illo.

476 4545 550 4610 Tam
572 4546 652 4608 claro
674 4554 793 4624 poteras
815 4546 906 4608 Marte
930 4565 1033 4607 rovere
1056 4548 1141 4606 niori.

404 4648 447 4709 'lc
469 4650 624 4728 quisquam
645 4648 794 4710 imbellem
816 4650 931 4728 quoties
953 4649 989 4710 de
1011 4648 1098 4726 plebe
1120 4648 1250 4717 vocabat,

337 4771 374 4811 ers
474 4751 517 4812 Nc
540 4753 675 4813 caderem
698 4759 785 4831 rupto
807 4759 942 4830 pectore,
965 4769 1036 4812 cura
1059 4752 1125 4818 iuit;

404 4853 493 4916 Multa
515 4873 633 4934 quoque
655 4852 795 4924 ulciscor,
818 4872 883 4933 quae
905 4862 938 4914 tu
960 4855 1082 4914 convitia
1104 4854 1210 4922 nescis,

477 4956 513 5016 Et
534 4957 649 5034 quotics
670 4975 725 5035 pro
747 4965 776 5017 tc
799 4957 869 5034 quid
891 4956 972 5025 licet,
996 4975 1078 5017 arma
1100 4974 1188 5034 gero:

404 5058 462 5119 Sed
486 5059 545 5117 ruit
565 5059 595 5117 in
617 5059 747 5119 modicas
769 5059 890 5119 adversa
912 5059 1040 5136 potentia
1063 5059 1149 5126 vires,

339 5178 377 5219 aaa
477 5160 634 5239 Saepeque,
657 5181 726 5222 cum
747 5159 853 5230 nolint,
878 5168 921 5221 est
943 5162 985 5220 ira
1008 5159 1169 5252 premenda
1191 5159 1276 5219 milri:

320 5380 353 5414 ¹⁰⁵
370 5384 462 5434 iuuari
476 5385 530 5433 1.2.
611 5381 835 5448 ”vpossemce
915 5380 947 5414 ¹⁰⁹
964 5382 1023 5432 Iam
1042 5384 1184 5434 nisi3...5.
1258 5379 1292 5413 ²⁰³
1311 5379 1393 5447 sulm]
1413 5383 1479 5432 remi

251 5467 367 5521 doum.
420 5466 453 5501 ²⁰⁴
471 5470 692 5535 Praeponod...5.
750 5467 783 5501 ²⁰⁷
801 5465 995 5533 oppositam.
1056 5467 1089 5501 ¹²⁴
1108 5470 1267 5533 spatio-M.
1325 5464 1360 5497 ²¹⁸
1379 5467 1479 5518 counit

250 5551 281 5586 ²⁸¹
301 5556 330 5606 in
348 5552 456 5608 nostras
474 5553 591 5608 obuersa
603 5556 730 5623 potentie
744 5557 801 5605 1.2.
