3625 7050
344 1263 425 1314 CLX.
445 1279 529 1313 CRO'H
543 1277 659 1313 nvnlattt
674 1277 710 1310 ΔΙ)
722 1275 870 1311 utnrtrtvtt
883 1276 1034 1312 nvrflnnvu
1047 1276 1090 1309 BP.
1104 1276 1131 1310 D.
1144 1268 1178 1310 28.
1193 1274 1255 1309 APB·
1271 1267 1330 1309 15²⁰.
1405 1243 1479 1315 339

217 1438 324 1494 cionem
347 1436 529 1493 accusaeionis
551 1443 743 1510 praecurrente.
789 1427 843 1508 quo
867 1435 922 1490 ritu
943 1451 1015 1489 nune
1037 1452 1138 1489 omisso
1165 1447 1212 1489 aut
1240 1453 1346 1509 ignavia
1372 1455 1479 1493 accusa·

217 1532 273 1586 tur,
300 1531 347 1578 aut
371 1522 528 1596 imprudens
550 1520 653 1575 malicia
676 1520 810 1593 prodetur
828 1520 936 1574 munito.
981 1536 1065 1592 porro
1087 1519 1109 1574 si
1131 1519 1198 1573 nihil
1220 1520 1320 1575 habent
1340 1509 1546 1578 dissidunt-llll·

217 1625 236 1663 e
259 1607 318 1662 suis
341 1605 457 1666 iuribus,
491 1605 588 1660 iuvlieio
608 1604 728 1659 ‹iannimn
750 1605 893 1659 ‹lamnatus
915 1622 945 1658 es
974 1612 1002 1657 tu
1026 1619 1079 1658 ncin
1101 1602 1301 1667 doctrinaliter,
1329 1606 1375 1659 sed
1396 1607 1479 1662 Leva-

217 1691 308 1752 iliter.
336 1689 559 1766 quentarlmochnn
590 1696 616 1744 et
644 1688 737 1744 multis
765 1688 891 1743 innititur
918 1687 1054 1761 pontilicis
1077 1687 1178 1742 lulmen
1198 1689 1394 1752 homanaliter,
1423 1708 1476 1747 non

217 1774 418 1832 iristionaliter:
451 1783 514 1829 sunt
533 1775 605 1829 enim
629 1773 704 1829 novis
726 1772 866 1827 erroribus
887 1789 954 1827 nova
977 1766 1153 1844 confingenda
1181 1773 1317 1829 voeabula.
1362 1776 1404 1831 sin
1424 1781 1546 1833 noni-tt.

217 1860 355 1935 ripserunt
375 1859 500 1932 aliquod,
529 1867 656 1932 premunt
681 1866 770 1913 tamen
793 1865 907 1930 propter
929 1873 989 1911 curn
1013 1875 1093 1929 quem
1115 1866 1258 1931 expectant
1285 1876 1415 1916 sonorum
1438 1880 1480 1917 as·

217 1962 308 2007 nsum,
340 1963 394 2019 quo
422 1942 502 1998 simul
531 1952 696 2016 proruentes
721 1941 892 1997 multitudiue
916 1950 941 1996 te
966 1942 1133 2014 opprimant.
1166 1960 1220 2016 quo
1240 1944 1355 2000 consilio
1373 1954 1430 2002 tum
1453 1949 1479 2003 in

217 2028 259 2086 ilia
280 2038 337 2085 tum
361 2030 388 2085 in
405 2028 547 2083 Germania
569 2028 683 2084 niultmn
706 2026 861 2086 laboratur,
885 2027 983 2081 iterum
1007 2027 1033 2079 in
1055 2043 1084 2080 se
1106 2025 1140 2080 oh
1162 2044 1265 2083 moram
1282 2031 1479 2088 consutacionis

219 2113 276 2169 ium
296 2112 495 2172 conciliabant.
526 2113 598 2186 qnod
620 2112 720 2167 amlcnt
743 2111 925 2166 (heristiamnu
948 2110 1083 2165 liorninem
1111 2110 1218 2184 publice
1246 2113 1373 2170 damnare
1397 2134 1476 2172 causa

217 2215 238 2253 »n
261 2197 369 2271 publice
393 2196 514 2272 probata
558 2197 653 2252 Potest
673 2195 756 2250 eciam
779 2194 851 2255 heri,
880 2203 911 2250 ut
933 2195 998 2249 socii
1022 2202 1124 2250 mutata
1150 2197 1285 2252 sententia
1313 2199 1402 2255 nolint
1428 2203 1545 2261 vio-§.ts

217 2280 292 2337 rinali
314 2281 482 2338 ‹lamnaeioni
503 2280 687 2341 subscribere,
714 2279 796 2336 veluti
821 2296 915 2335 rumor
938 2279 971 2333 tle
994 2277 1211 2335 Erllurelensihus
1237 2284 1340 2337 nostris
1363 2283 1477 2341 circum·

217 2373 281 2422 rtur.
325 2367 439 2440 horpius
462 2373 535 2421 recte
557 2366 627 2439 apim
650 2365 830 2419 Levanienses
859 2381 999 2419 assensum
1023 2380 1100 2418 suum
1121 2363 1258 2426 cohibuit,
1286 2367 1363 2422 euius
1384 2379 1476 2425 aucto·

217 2468 250 2507 as
272 2451 335 2524 plus
355 2450 453 2506 valebit
475 2449 546 2523 apud
565 2450 687 2504 cuiclitos
706 2466 785 2521 quam
809 2448 896 2503 tocius
918 2447 999 2503 seohe
1020 2448 1154 2502 iudicium.
1189 2448 1239 2503 Sed
1261 2451 1363 2506 utinam
1387 2454 1543 2514 minustto.

217 2534 350 2591 sanicntcs
379 2535 523 2608 alicpiamlo
550 2535 677 2594 celerent,
707 2551 762 2607 quo
790 2533 817 2587 in
845 2532 972 2605 praesidio
1002 2532 1145 2606 scriptura.
1174 2532 1284 2588 frivolas
1309 2552 1396 2608 nugas
1420 2547 1477 2596 tan·

217 2637 266 2675 iani
293 2637 339 2675 vas
361 2618 436 2692 figuli
457 2619 644 2692 confringeres
667 2635 697 2673 ae
718 2618 851 2689 insignem
875 2615 1020 2671 stulticiam
1043 2615 1134 2688 gladie
1156 2617 1269 2690 spiritus
1291 2621 1377 2675 saneti
1399 2622 1477 2695 iugu-

217 2720 264 2759 rcs.
306 2720 359 2759 non
389 2703 460 2759 euim
485 2703 533 2757 tibi
557 2703 610 2758 erit
632 2720 728 2775 magna
752 2701 778 2755 in
796 2700 847 2757 hoc
865 2701 979 2774 negocio
998 2699 1155 2763 difficultas,
1178 2701 1312 2776 simulque
1331 2714 1362 2760 ut
1383 2709 1478 2781 appin-

217 2804 264 2844 res
285 2805 361 2844 suam
384 2788 564 2844 reverenciam
585 2786 809 2843 reverendissimo
832 2784 965 2841 Cartliuali
988 2784 1159 2847 llertusensi,
1190 2803 1269 2858 quem
1292 2787 1343 2842 sihi
1365 2790 1477 2864 (lignum

217 2871 360 2946 operulam
385 2889 547 2946 caseumque
573 2872 644 2927 casei
677 2871 850 2931 invenerunt,
886 2857 993 2925 οὑτωσὶ
1022 2857 1220 2943 σπερμολόγος
1247 2861 1340 2939 δειλός
1368 2891 1398 2929 τε
1426 2871 1477 2931 καὶ

217 2949 348 3025 τιδανός.
394 2957 443 3012 Ubi
465 2955 550 3012 voluit
571 2957 739 3012 maiestatem
757 2955 876 3011 ecelesiae
899 2955 998 3010 intinclo
1020 2955 1171 3016 ostendere,
1191 2957 1230 3011 sic
1254 2955 1259 3027 Ι
1284 2955 1323 3011 lo·
1338 2951 1346 3037 Ι
1359 2963 1407 3024 sot.
1423 2963 1544 3021 16⁸.§.ao.

221 3041 292 3103 itur,
318 3060 378 3098 cum
401 3041 532 3096 modestia
554 3041 620 3096 mire
642 3058 697 3096 non
719 3040 869 3096 intellecta:
900 3040 991 3095 ‘hliror
1013 3039 1087 3094 valde
1109 3040 1181 3113 quod
1205 3040 1286 3097 homo
1313 3050 1366 3098 tam
1392 3046 1476 3102 mani·

217 3135 251 3182 ite
275 3135 383 3200 tamque
405 3125 581 3198 pertinaciter
602 3126 628 3180 in
648 3125 698 3180 lule
720 3141 815 3180 errans
832 3132 859 3180 et
881 3142 945 3179 suas
964 3124 1083 3180 haereses
1100 3124 1173 3179 omni
1193 3143 1300 3199 quaque
1321 3127 1475 3186 ilillundens

218 3226 293 3286 punc
317 3228 409 3266 errare
433 3219 461 3265 ct
483 3209 551 3268 alios
575 3209 602 3265 in
621 3208 867 3283 perniciosissimos
887 3225 996 3264 errores
1020 3208 1089 3263 trahi
1113 3209 1228 3264 sinitur'.
1272 3210 1379 3267 Dixerat
1399 3214 1543 3286 priustav.

217 3295 240 3350 ri
263 3295 394 3351 modestia
420 3293 493 3349 ‘Vide
518 3312 626 3349 errores
644 3294 770 3355 botheri,
795 3294 839 3368 qui
861 3301 999 3348 sanctam
1021 3292 1170 3366 palpabiles
1192 3294 1309 3349 hareses
1331 3296 1396 3352 mihi
1418 3317 1475 3372 praa

232 3379 306 3436 lerre
327 3380 465 3441 ridentur,
495 3387 526 3434 ut
548 3396 581 3434 ne
602 3377 751 3452 disciputus
775 3378 882 3453 quidem
905 3376 1051 3449 theologia
1073 3394 1103 3432 ae
1125 3378 1211 3451 prima
1240 3378 1299 3434 eius
1321 3378 1414 3437 limina
1435 3384 1475 3438 in-

217 3480 297 3520 essus
319 3463 356 3525 ita
376 3463 429 3519 lahi
452 3465 548 3519 merito
572 3463 723 3539 potuisset’.
768 3463 833 3531 Quis
852 3462 924 3517 lninc
946 3462 1198 3518 reverendissiumm
1217 3463 1244 3517 in
1265 3462 1373 3521 Christo
1392 3468 1543 3541 proh-§.au

217 3548 304 3605 riturl
341 3557 386 3604 aut
408 3548 530 3621 galerum
559 3550 617 3604 eius
649 3548 758 3603 iunilms
782 3549 914 3603 iiodosum
942 3545 982 3601 vel
1008 3564 1098 3620 syrma
1125 3546 1209 3618 longo
1239 3557 1326 3604 tractu
1354 3569 1368 3604 a
1396 3559 1474 3625 tergo

219 3633 256 3688 mi
279 3650 392 3707 serpens
415 3633 604 3688 venerabitur?
640 3633 700 3705 quis
724 3632 796 3688 ultro
816 3630 990 3686 currentibus
1012 3640 1093 3703 atque
1115 3649 1217 3704 perse
1245 3633 1398 3689 furentibus
1420 3636 1474 3691 eal·

217 3717 253 3773 ria
283 3717 402 3773 addidit?
440 3717 472 3773 Et
498 3735 558 3773 curu
586 3717 612 3781 in
643 3725 699 3772 tota
724 3716 838 3790 epistola
866 3716 901 3770 sit
922 3715 1063 3775 sordidus,
1087 3714 1193 3775 illotus.
1218 3716 1373 3789 impudens,
1398 3718 1542 3782 levisset

217 3801 244 3858 lc
267 3809 356 3857 tamen
380 3802 461 3858 liores
484 3801 579 3875 legunt
598 3801 719 3874 Magistri
745 3801 833 3856 nostri
854 3800 952 3872 <lignos
974 3798 1085 3854 naribus
1109 3784 1273 3872 sophisticis.
1319 3801 1376 3857 haec
1398 3805 1474 3876 eqiti·

217 3904 241 3942 m
273 3886 325 3942 sihi
354 3887 567 3947 accommodant,
596 3886 648 3941 nisi
677 3885 710 3940 ah
735 3884 789 3939 illis
817 3884 958 3957 acceperit.
1004 3892 1031 3937 et
1053 3900 1084 3937 cr
1105 3883 1157 3938 hoe
1177 3884 1290 3939 manime
1316 3886 1473 3943 haereticum

231 3971 345 4045 probat,
372 3971 443 4045 quod
474 3979 597 4045 paratum
627 3988 655 4025 sc
682 3969 827 4044 profitetur
856 3970 946 4040 ignem
974 3976 1002 4022 et
1031 3976 1145 4023 mortem
1170 3986 1221 4041 pro
1243 3966 1297 4023 illis
1318 3969 1424 4033 subire,
1446 3981 1475 4028 et

217 4073 289 4111 inem
311 4065 407 4122 contra
430 4056 579 4129 sapientem
602 4055 759 4109 hereticam
782 4071 850 4109 esse.
895 4051 994 4107 hhiltos
1015 4051 1112 4113 hahes,
1131 4051 1258 4115 Martiae,
1281 4054 1371 4110 socios
1393 4055 1420 4112 in
1442 4075 1473 4112 ea
1487 4069 1544 4120 §.at

217 4139 295 4201 aresi,
317 4141 387 4196 etsi
411 4139 530 4196 torcular
551 4139 626 4195 solus
648 4138 734 4194 calces
754 4155 859 4197 verum.
879 4153 959 4210 quam
981 4136 1059 4191 inulti
1080 4134 1163 4191 velint
1186 4146 1274 4192 tecum
1295 4138 1385 4212 ignem
1411 4141 1474 4197 suh·

217 4244 235 4285 e,
261 4233 329 4298 puto
351 4225 468 4298 pendere
486 4243 500 4279 a
520 4225 591 4280 clono
610 4224 723 4279 scelesti.
767 4223 909 4295 [lispntent
925 4221 995 4276 acuti
1015 4219 1138 4276 homines
1155 4223 1335 4296 clamnentquc
1353 4225 1473 4289 utlibet,

217 4326 316 4381 squam
341 4309 411 4382 apuel
437 4326 477 4364 me
508 4308 534 4363 in
561 4308 671 4363 ‹luhium
700 4307 839 4365 vocabitur
866 4304 931 4378 quin
955 4305 1042 4379 quivis
1064 4304 1218 4363 mortalium
1242 4307 1402 4364 iustihcatus
1424 4329 1474 4384 per

217 4410 259 4448 em
283 4410 420 4449 aceessum
442 4393 539 4449 haheat
559 4394 590 4448 ad
612 4392 700 4447 (leiren.
744 4390 871 4446 Exultont
894 4390 946 4464 ipsi
970 4409 1018 4446 sua
1040 4391 1239 4454 satisfactionc;
1269 4410 1319 4448 nos
1338 4395 1383 4449 ubi
1404 4395 1542 4456 rece-§.as

217 4494 266 4533 uus
286 4476 376 4533 omnia
393 4495 460 4551 quae
478 4477 557 4532 nohis
575 4477 696 4532 mandata
717 4484 792 4536 sunt.
812 4476 897 4531 aclhuc
917 4475 1026 4530 inutiles
1043 4476 1113 4531 servi
1130 4495 1237 4538 sumus,
1260 4477 1327 4533 nihil
1344 4479 1473 4536 hahentes

217 4578 261 4617 am
281 4562 353 4635 quoti
376 4562 462 4635 gratis
481 4562 641 4635 accepimus.
686 4561 810 4635 placeant
828 4560 879 4615 sibi
903 4560 989 4615 sancti
1011 4560 1061 4615 viri
1084 4578 1133 4615 suo
1157 4560 1254 4616 merito
1276 4570 1304 4616 et
1322 4564 1473 4619 mercedem

217 4644 329 4701 riaetis
351 4645 504 4720 postulent.
531 4646 583 4720 ipsi
611 4645 752 4712 credentes
780 4645 805 4699 in
833 4662 893 4698 eirni
923 4644 968 4717 qui
996 4643 1109 4699 vivificat
1133 4644 1244 4717 impium
1268 4662 1301 4700 ex
1326 4646 1472 4707 livlesam·

220 4747 254 4785 us
278 4738 305 4784 et
328 4748 342 4785 a
367 4748 446 4803 poma
468 4739 496 4785 et
517 4750 532 4787 a
552 4729 632 4803 culpa
648 4728 727 4785 liberi
750 4746 851 4784 sumus.
897 4736 994 4783 nutent
1014 4728 1065 4800 ipsi
1089 4728 1115 4781 in
1137 4727 1201 4789 sicle,
1224 4745 1238 4783 a
1260 4730 1373 4784 remissa
1393 4729 1541 4804 eulpaeao.

217 4822 339 4888 oponunt
363 4809 415 4869 sibi
439 4814 545 4887 eulpam
570 4831 618 4870 seu
641 4831 761 4887 paenam,
787 4831 867 4886 (priam
885 4830 940 4867 non
962 4812 1063 4884 lingum
1085 4821 1209 4872 centum,
1232 4830 1333 4886 oraque
1355 4824 1472 4877 eentum,

217 4914 268 4954 rea
287 4916 337 4954 vos
357 4900 491 4954 narrando
511 4899 620 4973 possint
635 4899 774 4971 consequi.
819 4897 898 4952 nohis
917 4895 1069 4957 obliviosis,
1093 4895 1191 4968 quihus
1210 4905 1285 4952 recta
1302 4892 1474 4976 differencial

217 5012 387 5024 ———

247 5075 259 5109 ²
277 5080 292 5140 5
308 5077 347 5144 itt]
362 5080 406 5130 Of.
420 5080 495 5129 infra
507 5081 594 5129 Menii
607 5093 678 5145 resp.
693 5080 728 5128 ad
741 5078 819 5128 Croti
832 5077 941 5143 apolog.
956 5076 990 5126 od
1004 5092 1029 5126 a.
1045 5074 1118 5126 1532.
1132 5078 1147 5137 ξ
1161 5076 1263 5142 17.εᾳ(].
1316 5077 1473 5142 {Christic-

217 5160 294 5228 liter]
315 5164 353 5213 ita
370 5166 427 5214 cod.
487 5162 505 5196 ¹¹
526 5164 559 5213 de
577 5165 645 5213 Erff.
659 5179 686 5213 n.
700 5159 835 5225 circumi]
856 5177 908 5210 nee
926 5176 1013 5211 vanus
1031 5161 1079 5210 ille
1098 5161 1160 5211 fuit.
1215 5160 1236 5194 ¹⁷
1254 5161 1336 5211 card.
1349 5160 1473 5228 Demus]

221 5263 277 5313 seq.
292 5264 358 5318 anno
377 5249 527 5299 Hadrianus
545 5249 600 5297 ΡΡ.
619 5248 668 5297 VI.
738 5246 759 5279 ¹⁸
783 5237 885 5296 οὑτωσὶ
903 5261 929 5294 κ.
942 5259 965 5292 τ.
979 5241 1014 5307 b]
1039 5246 1080 5293 its
1097 5250 1216 5311 nugator
1238 5250 1281 5295 est
1304 5250 1333 5295 et
1356 5248 1474 5312 ignarus

217 5330 338 5396 Iliaeque
351 5334 444 5397 pretii.
464 5334 498 5396 es.
510 5330 673 5397 interpp.¹od
683 5332 762 5381 Iliad.
776 5332 801 5380 I.
816 5332 878 5379 293.
898 5330 992 5379 Groera
1009 5330 1126 5378 mendose
1143 5331 1200 5379 eod.
1213 5329 1297 5380 habet.
1349 5327 1371 5361 ²⁸
1384 5346 1474 5393 syrino

217 5431 261 5481 ige
279 5417 338 5466 cod.
391 5416 413 5449 ³³
432 5417 475 5467 cf.
490 5418 573 5468 Isoiae
586 5416 687 5465 LXIII.
701 5413 726 5465 3.
778 5413 799 5446 ³⁹
818 5411 940 5480 impium]
960 5392 1115 5482 ffimeod.
1135 5413 1271 5463 ceram.
1291 5413 1473 5477 epudssom.

217 5499 264 5550 ,5.
329 5498 351 5531 ⁴¹
370 5505 524 5566 proponunt
541 5502 598 5550 eod.
651 5497 771 5563 centum]
790 5499 873 5563 Verg.
888 5498 989 5564 Georg.
1003 5500 1038 5547 11.
1052 5497 1094 5549 43.
1109 5498 1175 5548 Aen.
1188 5498 1236 5548 VI.
1249 5496 1309 5548 625.
1361 5495 1383 5528 ⁴²
1394 5503 1476 5548 malim

217 5583 343 5633 efferres
361 5599 387 5633 v.

1191 5664 1257 5725 22*
