<?xml version="1.0" encoding="UTF-8"?>
<!DOCTYPE html PUBLIC "-//W3C//DTD XHTML 1.0 Transitional//EN"
    "http://www.w3.org/TR/xhtml1/DTD/xhtml1-transitional.dtd">
<html xmlns="http://www.w3.org/1999/xhtml" xml:lang="en" lang="en">
 <head>
  <title>
</title>
<meta http-equiv="Content-Type" content="text/html;charset=utf-8" />
  <meta name='ocr-system' content='tesseract 3.04.00' />
  <meta name='ocr-capabilities' content='ocr_page ocr_carea ocr_par ocr_line ocrx_word'/>
</head>
<body>
  <div class='ocr_page' id='page_1' title='image "./ulrichihuttenie00huttgoog_0289.png"; bbox 0 0 3625 7050; ppageno 0'>
   <div class='ocr_carea' id='block_1_1' title="bbox 269 1210 1573 1281">
    <p class='ocr_par' dir='ltr' id='par_1_1' title="bbox 269 1210 1573 1281">
     <span class='ocr_line' id='line_1_1' title="bbox 269 1210 1573 1281; baseline 0 -8"><span class='ocrx_word' id='word_1_1' title='bbox 269 1222 363 1275; x_wconf 78' lang='lat' dir='ltr'><strong>Lxx.</strong></span> <span class='ocrx_word' id='word_1_2' title='bbox 378 1236 507 1273; x_wconf 52' lang='lat' dir='ltr'><strong>urrann</strong></span> <span class='ocrx_word' id='word_1_3' title='bbox 516 1236 597 1272; x_wconf 72' lang='lat' dir='ltr'><strong>ntor.</strong></span> <span class='ocrx_word' id='word_1_4' title='bbox 608 1237 634 1272; x_wconf 83' lang='lat' dir='ltr'><strong>x.</strong></span> <span class='ocrx_word' id='word_1_5' title='bbox 642 1236 765 1272; x_wconf 72' lang='lat' dir='ltr'><strong>raama</strong></span> <span class='ocrx_word' id='word_1_6' title='bbox 776 1235 857 1272; x_wconf 73' lang='lat' dir='ltr'><strong>aava.</strong></span> <span class='ocrx_word' id='word_1_7' title='bbox 868 1235 967 1271; x_wconf 73' lang='lat' dir='ltr'><strong>vanna</strong></span> <span class='ocrx_word' id='word_1_8' title='bbox 977 1236 1012 1271; x_wconf 77' lang='lat' dir='ltr'><strong>na</strong></span> <span class='ocrx_word' id='word_1_9' title='bbox 1023 1236 1123 1271; x_wconf 78' lang='lat' dir='ltr'><strong>nonar.</strong></span> <span class='ocrx_word' id='word_1_10' title='bbox 1134 1237 1231 1273; x_wconf 87' lang='lat' dir='ltr'><strong>consr.</strong></span> <span class='ocrx_word' id='word_1_11' title='bbox 1239 1238 1295 1272; x_wconf 82' lang='lat' dir='ltr'><strong>nra.</strong></span> <span class='ocrx_word' id='word_1_12' title='bbox 1307 1231 1326 1272; x_wconf 87' lang='lat' dir='ltr'><strong>t.</strong></span> <span class='ocrx_word' id='word_1_13' title='bbox 1334 1239 1396 1274; x_wconf 77' lang='lat' dir='ltr'><strong>nnc.</strong></span> <span class='ocrx_word' id='word_1_14' title='bbox 1404 1232 1464 1275; x_wconf 78' lang='lat' dir='ltr'><strong>tarr.</strong></span> <span class='ocrx_word' id='word_1_15' title='bbox 1502 1210 1573 1281; x_wconf 85' lang='lat'><strong>159</strong></span> 
     </span>
    </p>
   </div>
   <div class='ocr_carea' id='block_1_2' title="bbox 225 1381 1654 4923">
    <p class='ocr_par' dir='ltr' id='par_1_2' title="bbox 268 1381 1643 1777">
     <span class='ocr_line' id='line_1_2' title="bbox 269 1381 1576 1473; baseline 0.002 -21"><span class='ocrx_word' id='word_1_16' title='bbox 269 1391 369 1453; x_wconf 79' lang='lat' dir='ltr'><strong>eius&#39;?</strong></span> <span class='ocrx_word' id='word_1_17' title='bbox 392 1390 438 1452; x_wconf 81' lang='lat' dir='ltr'><strong>rel</strong></span> <span class='ocrx_word' id='word_1_18' title='bbox 460 1392 485 1451; x_wconf 92' lang='lat' dir='ltr'><strong>si</strong></span> <span class='ocrx_word' id='word_1_19' title='bbox 506 1392 621 1472; x_wconf 74' lang='lat' dir='ltr'><strong>tyranni</strong></span> <span class='ocrx_word' id='word_1_20' title='bbox 643 1397 713 1450; x_wconf 89' lang='lat' dir='ltr'><strong>sunt</strong></span> <span class='ocrx_word' id='word_1_21' title='bbox 734 1391 783 1468; x_wconf 89' lang='lat' dir='ltr'><strong>qui</strong></span> <span class='ocrx_word' id='word_1_22' title='bbox 806 1391 834 1449; x_wconf 92' lang='lat' dir='ltr'><strong>in</strong></span> <span class='ocrx_word' id='word_1_23' title='bbox 857 1388 966 1450; x_wconf 88' lang='lat' dir='ltr'><strong>liberos</strong></span> <span class='ocrx_word' id='word_1_24' title='bbox 988 1381 1145 1468; x_wconf 85' lang='lat' dir='ltr'><strong>imperium</strong></span> <span class='ocrx_word' id='word_1_25' title='bbox 1166 1391 1222 1452; x_wconf 93' lang='lat' dir='ltr'><strong>sibi</strong></span> <span class='ocrx_word' id='word_1_26' title='bbox 1244 1393 1416 1463; x_wconf 83' lang='lat' dir='ltr'><strong>desumimt,</strong></span> <span class='ocrx_word' id='word_1_27' title='bbox 1440 1395 1505 1473; x_wconf 91' lang='lat' dir='ltr'><strong>quis</strong></span> <span class='ocrx_word' id='word_1_28' title='bbox 1519 1394 1576 1455; x_wconf 91' lang='lat' dir='ltr'><strong>boc</strong></span> 
     </span>
     <span class='ocr_line' id='line_1_3' title="bbox 268 1490 1573 1573; baseline 0.002 -20"><span class='ocrx_word' id='word_1_29' title='bbox 268 1494 375 1570; x_wconf 84' lang='lat' dir='ltr'><strong>magis</strong></span> <span class='ocrx_word' id='word_1_30' title='bbox 397 1493 466 1552; x_wconf 90' lang='lat' dir='ltr'><strong>lacit</strong></span> <span class='ocrx_word' id='word_1_31' title='bbox 487 1511 575 1571; x_wconf 84' lang='lat' dir='ltr'><strong>quarn</strong></span> <span class='ocrx_word' id='word_1_32' title='bbox 596 1493 621 1551; x_wconf 94' lang='lat' dir='ltr'><strong>is</strong></span> <span class='ocrx_word' id='word_1_33' title='bbox 643 1493 693 1570; x_wconf 88' lang='lat' dir='ltr'><strong>qui</strong></span> <span class='ocrx_word' id='word_1_34' title='bbox 715 1490 857 1552; x_wconf 80' lang='lat' dir='ltr'>libertatis</span> <span class='ocrx_word' id='word_1_35' title='bbox 872 1499 1126 1562; x_wconf 77' lang='lat' dir='ltr'>conservatorem,</span> <span class='ocrx_word' id='word_1_36' title='bbox 1149 1490 1206 1553; x_wconf 89' lang='lat' dir='ltr'><strong>boo</strong></span> <span class='ocrx_word' id='word_1_37' title='bbox 1221 1502 1265 1554; x_wconf 89' lang='lat' dir='ltr'><strong>est</strong></span> <span class='ocrx_word' id='word_1_38' title='bbox 1279 1494 1478 1556; x_wconf 83' lang='lat' dir='ltr'><strong>Romanorum</strong></span> <span class='ocrx_word' id='word_1_39' title='bbox 1494 1498 1573 1573; x_wconf 91' lang='lat' dir='ltr'><strong>prin·</strong></span> 
     </span>
     <span class='ocr_line' id='line_1_4' title="bbox 269 1592 1643 1672; baseline 0.001 -18"><span class='ocrx_word' id='word_1_40' title='bbox 269 1594 393 1672; x_wconf 85' lang='lat' dir='ltr'><strong>cipem,</strong></span> <span class='ocrx_word' id='word_1_41' title='bbox 416 1596 446 1653; x_wconf 93' lang='lat' dir='ltr'><strong>in</strong></span> <span class='ocrx_word' id='word_1_42' title='bbox 467 1595 636 1654; x_wconf 78' lang='lat' dir='ltr'><strong>servitutem</strong></span> <span class='ocrx_word' id='word_1_43' title='bbox 660 1593 786 1653; x_wconf 74' lang='lat' dir='ltr'><strong>adserit?</strong></span> <span class='ocrx_word' id='word_1_44' title='bbox 808 1593 886 1671; x_wconf 86' lang='lat' dir='ltr'><strong>Ergo</strong></span> <span class='ocrx_word' id='word_1_45' title='bbox 909 1612 969 1652; x_wconf 92' lang='lat' dir='ltr'><strong>non</strong></span> <span class='ocrx_word' id='word_1_46' title='bbox 990 1592 1136 1654; x_wconf 78' lang='lat' dir='ltr'>maledicit</span> <span class='ocrx_word' id='word_1_47' title='bbox 1156 1596 1343 1672; x_wconf 84' lang='lat' dir='ltr'><strong>pontificibus</strong></span> <span class='ocrx_word' id='word_1_48' title='bbox 1357 1596 1451 1666; x_wconf 89' lang='lat' dir='ltr'><strong>Valla,</strong></span> <span class='ocrx_word' id='word_1_49' title='bbox 1474 1598 1525 1657; x_wconf 86' lang='lat' dir='ltr'><strong>sed</strong></span> <span class='ocrx_word' id='word_1_50' title='bbox 1545 1598 1575 1656; x_wconf 93' lang='lat' dir='ltr'><strong>in</strong></span> <span class='ocrx_word' id='word_1_51' title='bbox 1586 1599 1643 1649; x_wconf 80' lang='lat' dir='ltr'><strong>§.ro</strong></span> 
     </span>
     <span class='ocr_line' id='line_1_5' title="bbox 268 1693 1575 1777; baseline 0.003 -22"><span class='ocrx_word' id='word_1_52' title='bbox 268 1703 425 1775; x_wconf 77' lang='lat' dir='ltr'><strong>tyrannos</strong></span> <span class='ocrx_word' id='word_1_53' title='bbox 446 1713 513 1755; x_wconf 82' lang='lat' dir='ltr'><strong>vera</strong></span> <span class='ocrx_word' id='word_1_54' title='bbox 536 1695 622 1763; x_wconf 90' lang='lat' dir='ltr'><strong>dicit,</strong></span> <span class='ocrx_word' id='word_1_55' title='bbox 646 1693 683 1753; x_wconf 89' lang='lat' dir='ltr'><strong>eb</strong></span> <span class='ocrx_word' id='word_1_56' title='bbox 705 1695 794 1773; x_wconf 88' lang='lat' dir='ltr'><strong>idque</strong></span> <span class='ocrx_word' id='word_1_57' title='bbox 816 1693 868 1754; x_wconf 90' lang='lat' dir='ltr'><strong>tibi</strong></span> <span class='ocrx_word' id='word_1_58' title='bbox 891 1694 973 1755; x_wconf 85' lang='lat' dir='ltr'><strong>valde</strong></span> <span class='ocrx_word' id='word_1_59' title='bbox 986 1694 1107 1772; x_wconf 74' lang='lat' dir='ltr'><strong>&#39;placere</strong></span> <span class='ocrx_word' id='word_1_60' title='bbox 1123 1698 1218 1772; x_wconf 87' lang='lat' dir='ltr'><strong>putari</strong></span> <span class='ocrx_word' id='word_1_61' title='bbox 1234 1697 1335 1766; x_wconf 81' lang='lat' dir='ltr'><strong>debet3</strong></span> <span class='ocrx_word' id='word_1_62' title='bbox 1358 1698 1424 1768; x_wconf 90' lang='lat' dir='ltr'><strong>tibi,</strong></span> <span class='ocrx_word' id='word_1_63' title='bbox 1447 1700 1575 1777; x_wconf 89' lang='lat' dir='ltr'><strong>inquam,</strong></span> 
     </span>
    </p>

    <p class='ocr_par' dir='ltr' id='par_1_3' title="bbox 226 1795 1653 2282">
     <span class='ocr_line' id='line_1_6' title="bbox 226 1795 1575 1880; baseline 0.004 -25"><span class='ocrx_word' id='word_1_64' title='bbox 226 1815 249 1855; x_wconf 78' lang='lat'>⁵</span> <span class='ocrx_word' id='word_1_65' title='bbox 269 1796 339 1857; x_wconf 88' lang='lat' dir='ltr'><strong>boc</strong></span> <span class='ocrx_word' id='word_1_66' title='bbox 363 1815 488 1875; x_wconf 80' lang='lat' dir='ltr'><strong>genere,</strong></span> <span class='ocrx_word' id='word_1_67' title='bbox 512 1797 557 1856; x_wconf 91' lang='lat' dir='ltr'><strong>bis</strong></span> <span class='ocrx_word' id='word_1_68' title='bbox 579 1795 855 1880; x_wconf 28' lang='lat' dir='ltr'><strong>maioribus-edito,</strong></span> <span class='ocrx_word' id='word_1_69' title='bbox 885 1796 941 1856; x_wconf 92' lang='lat' dir='ltr'><strong>hac</strong></span> <span class='ocrx_word' id='word_1_70' title='bbox 964 1797 1143 1866; x_wconf 78' lang='lat' dir='ltr'><strong>eruditione,</strong></span> <span class='ocrx_word' id='word_1_71' title='bbox 1174 1798 1230 1858; x_wconf 90' lang='lat' dir='ltr'><strong>hoe</strong></span> <span class='ocrx_word' id='word_1_72' title='bbox 1253 1799 1340 1858; x_wconf 87' lang='lat' dir='ltr'><strong>etiam</strong></span> <span class='ocrx_word' id='word_1_73' title='bbox 1362 1801 1479 1880; x_wconf 89' lang='lat' dir='ltr'><strong>nomine</strong></span> <span class='ocrx_word' id='word_1_74' title='bbox 1501 1819 1575 1878; x_wconf 77' lang='lat' dir='ltr'><strong>prae-</strong></span> 
     </span>
     <span class='ocr_line' id='line_1_7' title="bbox 268 1887 1606 1969; baseline 0.001 -10"><span class='ocrx_word' id='word_1_75' title='bbox 268 1899 352 1959; x_wconf 89' lang='lat' dir='ltr'><strong>dito.</strong></span> <span class='ocrx_word' id='word_1_76' title='bbox 398 1916 456 1957; x_wconf 94' lang='lat' dir='ltr'><strong>non</strong></span> <span class='ocrx_word' id='word_1_77' title='bbox 483 1898 572 1958; x_wconf 89' lang='lat' dir='ltr'><strong>debet</strong></span> <span class='ocrx_word' id='word_1_78' title='bbox 599 1915 635 1960; x_wconf 82' lang='lat' dir='ltr'><strong>ex</strong></span> <span class='ocrx_word' id='word_1_79' title='bbox 662 1897 823 1958; x_wconf 88' lang='lat' dir='ltr'><strong>llledicibus</strong></span> <span class='ocrx_word' id='word_1_80' title='bbox 851 1898 901 1956; x_wconf 93' lang='lat' dir='ltr'><strong>uni</strong></span> <span class='ocrx_word' id='word_1_81' title='bbox 930 1898 1085 1958; x_wconf 82' lang='lat' dir='ltr'><strong>convenire</strong></span> <span class='ocrx_word' id='word_1_82' title='bbox 1111 1899 1310 1969; x_wconf 81' lang='lat' dir='ltr'><strong>mendacium,</strong></span> <span class='ocrx_word' id='word_1_83' title='bbox 1344 1908 1373 1961; x_wconf 89' lang='lat' dir='ltr'><strong>et</strong></span> <span class='ocrx_word' id='word_1_84' title='bbox 1409 1901 1439 1959; x_wconf 93' lang='lat' dir='ltr'><strong>in</strong></span> <span class='ocrx_word' id='word_1_85' title='bbox 1465 1908 1574 1961; x_wconf 89' lang='lat' dir='ltr'><strong>tantam</strong></span> <span class='ocrx_word' id='word_1_86' title='bbox 1602 1887 1606 1893; x_wconf 43' lang='lat'>⁵</span> 
     </span>
     <span class='ocr_line' id='line_1_8' title="bbox 270 1999 1653 2082; baseline 0 -21"><span class='ocrx_word' id='word_1_87' title='bbox 270 1999 448 2061; x_wconf 77' lang='lat' dir='ltr'><strong>doctrinam</strong></span> <span class='ocrx_word' id='word_1_88' title='bbox 469 2000 645 2082; x_wconf 70' lang='lat' dir='ltr'><strong>peruersitas</strong></span> <span class='ocrx_word' id='word_1_89' title='bbox 664 2017 723 2059; x_wconf 94' lang='lat' dir='ltr'><strong>non</strong></span> <span class='ocrx_word' id='word_1_90' title='bbox 739 1999 914 2068; x_wconf 72' lang='lat' dir='ltr'><strong>admittitur,</strong></span> <span class='ocrx_word' id='word_1_91' title='bbox 937 2018 992 2060; x_wconf 88' lang='lat' dir='ltr'><strong>nec</strong></span> <span class='ocrx_word' id='word_1_92' title='bbox 1007 1999 1118 2059; x_wconf 81' lang='lat' dir='ltr'><strong>fraudis</strong></span> <span class='ocrx_word' id='word_1_93' title='bbox 1133 2000 1326 2060; x_wconf 87' lang='lat' dir='ltr'><strong>bumilitatem</strong></span> <span class='ocrx_word' id='word_1_94' title='bbox 1340 2001 1376 2061; x_wconf 92' lang='lat' dir='ltr'><strong>ad</strong></span> <span class='ocrx_word' id='word_1_95' title='bbox 1392 2020 1456 2062; x_wconf 89' lang='lat' dir='ltr'><strong>sese</strong></span> <span class='ocrx_word' id='word_1_96' title='bbox 1471 2003 1576 2080; x_wconf 86' lang='lat' dir='ltr'><strong>accipit</strong></span> <span class='ocrx_word' id='word_1_97' title='bbox 1646 2036 1653 2054; x_wconf 89' lang='lat'><strong>·</strong></span> 
     </span>
     <span class='ocr_line' id='line_1_9' title="bbox 271 2084 1574 2180; baseline 0.002 -19"><span class='ocrx_word' id='word_1_98' title='bbox 271 2101 414 2161; x_wconf 82' lang='lat' dir='ltr'><strong>Leonina</strong></span> <span class='ocrx_word' id='word_1_99' title='bbox 436 2089 620 2178; x_wconf 87' lang='lat' dir='ltr'><strong>magnitudo,</strong></span> <span class='ocrx_word' id='word_1_100' title='bbox 644 2118 710 2178; x_wconf 82' lang='lat' dir='ltr'><strong>quae</strong></span> <span class='ocrx_word' id='word_1_101' title='bbox 731 2101 808 2161; x_wconf 89' lang='lat' dir='ltr'><strong>bane</strong></span> <span class='ocrx_word' id='word_1_102' title='bbox 830 2109 926 2160; x_wconf 86' lang='lat' dir='ltr'><strong>versat</strong></span> <span class='ocrx_word' id='word_1_103' title='bbox 947 2102 977 2160; x_wconf 91' lang='lat' dir='ltr'><strong>in</strong></span> <span class='ocrx_word' id='word_1_104' title='bbox 992 2119 1045 2161; x_wconf 91' lang='lat' dir='ltr'><strong>ore</strong></span> <span class='ocrx_word' id='word_1_105' title='bbox 1059 2101 1152 2161; x_wconf 76' lang='lat' dir='ltr'><strong>Graeci</strong></span> <span class='ocrx_word' id='word_1_106' title='bbox 1168 2084 1262 2180; x_wconf 78' lang='lat' dir='ltr'><strong>poetae¹</strong></span> <span class='ocrx_word' id='word_1_107' title='bbox 1277 2104 1465 2173; x_wconf 89' lang='lat' dir='ltr'><strong>sententiam,</strong></span> <span class='ocrx_word' id='word_1_108' title='bbox 1488 2096 1574 2176; x_wconf 78' lang='grc' dir='ltr'><em>ψεύ-</em></span> 
     </span>
     <span class='ocr_line' id='line_1_10' title="bbox 269 2191 1643 2282; baseline -0.004 -19"><span class='ocrx_word' id='word_1_109' title='bbox 269 2199 407 2263; x_wconf 75' lang='grc' dir='ltr'><strong><em>δεσθαι</em></strong></span> <span class='ocrx_word' id='word_1_110' title='bbox 429 2191 674 2280; x_wconf 78' lang='grc' dir='ltr'><em>ἀνελεύθερον,</em></span> <span class='ocrx_word' id='word_1_111' title='bbox 707 2191 850 2282; x_wconf 76' lang='grc' dir='ltr'><em>ἀλήθεια</em></span> <span class='ocrx_word' id='word_1_112' title='bbox 873 2211 1043 2282; x_wconf 69' lang='grc' dir='ltr'><em>γενναῖον.</em></span> <span class='ocrx_word' id='word_1_113' title='bbox 1093 2203 1239 2263; x_wconf 81' lang='lat' dir='ltr'><strong>Praeterea</strong></span> <span class='ocrx_word' id='word_1_114' title='bbox 1266 2204 1324 2264; x_wconf 89' lang='lat' dir='ltr'><strong>hoo</strong></span> <span class='ocrx_word' id='word_1_115' title='bbox 1350 2205 1379 2264; x_wconf 93' lang='lat' dir='ltr'><strong>in</strong></span> <span class='ocrx_word' id='word_1_116' title='bbox 1406 2204 1518 2274; x_wconf 90' lang='lat' dir='ltr'><strong>libello,</strong></span> <span class='ocrx_word' id='word_1_117' title='bbox 1552 2207 1575 2264; x_wconf 93' lang='lat' dir='ltr'><strong>si</strong></span> <span class='ocrx_word' id='word_1_118' title='bbox 1586 2209 1643 2258; x_wconf 69' lang='lat' dir='ltr'><strong>§.aa</strong></span> 
     </span>
    </p>

    <p class='ocr_par' dir='ltr' id='par_1_4' title="bbox 225 2304 1577 2787">
     <span class='ocr_line' id='line_1_11' title="bbox 225 2304 1576 2384; baseline 0.001 -22"><span class='ocrx_word' id='word_1_119' title='bbox 225 2322 251 2362; x_wconf 84' lang='grc' dir='ltr'><strong>ι)</strong></span> <span class='ocrx_word' id='word_1_120' title='bbox 275 2321 428 2382; x_wconf 84' lang='lat' dir='ltr'><strong>usquam,</strong></span> <span class='ocrx_word' id='word_1_121' title='bbox 450 2304 578 2364; x_wconf 85' lang='lat' dir='ltr'><strong>ostendit</strong></span> <span class='ocrx_word' id='word_1_122' title='bbox 599 2304 788 2373; x_wconf 74' lang='lat' dir='ltr'><strong>Laurentum,</strong></span> <span class='ocrx_word' id='word_1_123' title='bbox 816 2305 866 2382; x_wconf 82' lang='lat' dir='ltr'><strong>qni</strong></span> <span class='ocrx_word' id='word_1_124' title='bbox 888 2305 946 2374; x_wconf 84' lang='lat' dir='ltr'><strong>vir,</strong></span> <span class='ocrx_word' id='word_1_125' title='bbox 975 2311 1084 2383; x_wconf 84' lang='lat' dir='ltr'><strong>quanto</strong></span> <span class='ocrx_word' id='word_1_126' title='bbox 1106 2304 1246 2382; x_wconf 77' lang='lat' dir='ltr'><strong>praeditus</strong></span> <span class='ocrx_word' id='word_1_127' title='bbox 1267 2306 1364 2365; x_wconf 88' lang='lat' dir='ltr'><strong>animo</strong></span> <span class='ocrx_word' id='word_1_128' title='bbox 1392 2306 1493 2376; x_wconf 86' lang='lat' dir='ltr'><strong>luerit,</strong></span> <span class='ocrx_word' id='word_1_129' title='bbox 1527 2308 1576 2384; x_wconf 89' lang='lat' dir='ltr'><strong>qui</strong></span> 
     </span>
     <span class='ocr_line' id='line_1_12' title="bbox 270 2403 1577 2484; baseline 0 -17"><span class='ocrx_word' id='word_1_130' title='bbox 270 2406 413 2467; x_wconf 82' lang='lat' dir='ltr'><strong>maximo</strong></span> <span class='ocrx_word' id='word_1_131' title='bbox 436 2406 521 2465; x_wconf 90' lang='lat' dir='ltr'><strong>etiam</strong></span> <span class='ocrx_word' id='word_1_132' title='bbox 549 2406 716 2483; x_wconf 88' lang='lat' dir='ltr'><strong>proposito,</strong></span> <span class='ocrx_word' id='word_1_133' title='bbox 748 2413 781 2464; x_wconf 92' lang='lat' dir='ltr'><strong>ut</strong></span> <span class='ocrx_word' id='word_1_134' title='bbox 806 2403 855 2465; x_wconf 92' lang='lat' dir='ltr'><strong>illa</strong></span> <span class='ocrx_word' id='word_1_135' title='bbox 883 2412 1069 2483; x_wconf 85' lang='lat' dir='ltr'><strong>tempestate,</strong></span> <span class='ocrx_word' id='word_1_136' title='bbox 1103 2405 1234 2484; x_wconf 90' lang='lat' dir='ltr'><strong>periculo</strong></span> <span class='ocrx_word' id='word_1_137' title='bbox 1261 2407 1411 2466; x_wconf 88' lang='lat' dir='ltr'><strong>veritatem</strong></span> <span class='ocrx_word' id='word_1_138' title='bbox 1440 2408 1577 2467; x_wconf 87' lang='lat' dir='ltr'><strong>deserere</strong></span> 
     </span>
     <span class='ocr_line' id='line_1_13' title="bbox 271 2505 1576 2586; baseline 0.001 -20"><span class='ocrx_word' id='word_1_139' title='bbox 271 2505 394 2574; x_wconf 79' lang='lat' dir='ltr'><strong>nolint,</strong></span> <span class='ocrx_word' id='word_1_140' title='bbox 416 2514 526 2585; x_wconf 88' lang='lat' dir='ltr'><strong>quanto</strong></span> <span class='ocrx_word' id='word_1_141' title='bbox 547 2509 656 2567; x_wconf 89' lang='lat' dir='ltr'><strong>rectius</strong></span> <span class='ocrx_word' id='word_1_142' title='bbox 679 2514 708 2567; x_wconf 92' lang='lat' dir='ltr'><strong>et</strong></span> <span class='ocrx_word' id='word_1_143' title='bbox 730 2507 892 2567; x_wconf 80' lang='lat' dir='ltr'><strong>Christiane</strong></span> <span class='ocrx_word' id='word_1_144' title='bbox 915 2507 1007 2584; x_wconf 89' lang='lat' dir='ltr'><strong>magis</strong></span> <span class='ocrx_word' id='word_1_145' title='bbox 1029 2526 1117 2585; x_wconf 90' lang='lat' dir='ltr'><strong>qnam</strong></span> <span class='ocrx_word' id='word_1_146' title='bbox 1140 2506 1187 2567; x_wconf 91' lang='lat' dir='ltr'><strong>ille</strong></span> <span class='ocrx_word' id='word_1_147' title='bbox 1209 2511 1305 2584; x_wconf 87' lang='lat' dir='ltr'><strong>nuper</strong></span> <span class='ocrx_word' id='word_1_148' title='bbox 1325 2509 1424 2568; x_wconf 90' lang='lat' dir='ltr'><strong>asinus</strong></span> <span class='ocrx_word' id='word_1_149' title='bbox 1439 2510 1487 2586; x_wconf 88' lang='lat' dir='ltr'><strong>qui</strong></span> <span class='ocrx_word' id='word_1_150' title='bbox 1504 2507 1576 2568; x_wconf 92' lang='lat' dir='ltr'><strong>lulio</strong></span> 
     </span>
     <span class='ocr_line' id='line_1_14' title="bbox 269 2600 1577 2687; baseline 0 -17"><span class='ocrx_word' id='word_1_151' title='bbox 269 2607 416 2670; x_wconf 75' lang='lat' dir='ltr'><strong>secamdo</strong></span> <span class='ocrx_word' id='word_1_152' title='bbox 438 2606 569 2685; x_wconf 83' lang='lat' dir='ltr'><strong>pulebrae</strong></span> <span class='ocrx_word' id='word_1_153' title='bbox 590 2607 667 2669; x_wconf 91' lang='lat' dir='ltr'><strong>lllius</strong></span> <span class='ocrx_word' id='word_1_154' title='bbox 689 2608 854 2668; x_wconf 92' lang='lat' dir='ltr'><strong>donationis</strong></span> <span class='ocrx_word' id='word_1_155' title='bbox 879 2607 1078 2686; x_wconf 87' lang='lat' dir='ltr'><strong>privilegium,</strong></span> <span class='ocrx_word' id='word_1_156' title='bbox 1112 2609 1189 2687; x_wconf 89' lang='lat' dir='ltr'><strong>qnod</strong></span> <span class='ocrx_word' id='word_1_157' title='bbox 1218 2629 1234 2669; x_wconf 96' lang='lat' dir='ltr'><strong>e</strong></span> <span class='ocrx_word' id='word_1_158' title='bbox 1262 2600 1365 2669; x_wconf 72' lang='lat' dir='ltr'><strong>Graeco</strong></span> <span class='ocrx_word' id='word_1_159' title='bbox 1394 2607 1577 2670; x_wconf 82' lang='lat' dir='ltr'><strong>transtulisse</strong></span> 
     </span>
     <span class='ocr_line' id='line_1_15' title="bbox 272 2710 1576 2787; baseline -0.002 -15"><span class='ocrx_word' id='word_1_160' title='bbox 272 2711 355 2772; x_wconf 85' lang='lat' dir='ltr'><strong>(licit</strong></span> <span class='ocrx_word' id='word_1_161' title='bbox 376 2730 423 2779; x_wconf 87' lang='lat' dir='ltr'><strong>se,</strong></span> <span class='ocrx_word' id='word_1_162' title='bbox 448 2729 515 2771; x_wconf 91' lang='lat' dir='ltr'><strong>cum</strong></span> <span class='ocrx_word' id='word_1_163' title='bbox 537 2729 591 2770; x_wconf 91' lang='lat' dir='ltr'><strong>nos</strong></span> <span class='ocrx_word' id='word_1_164' title='bbox 613 2710 714 2770; x_wconf 76' lang='lat' dir='ltr'><strong>Graece</strong></span> <span class='ocrx_word' id='word_1_165' title='bbox 736 2710 879 2787; x_wconf 88' lang='lat' dir='ltr'><strong>scriptum</strong></span> <span class='ocrx_word' id='word_1_166' title='bbox 901 2727 966 2769; x_wconf 89' lang='lat' dir='ltr'><strong>esse</strong></span> <span class='ocrx_word' id='word_1_167' title='bbox 988 2712 1206 2786; x_wconf 77' lang='lat' dir='ltr'><strong>ignoraremus,</strong></span> <span class='ocrx_word' id='word_1_168' title='bbox 1236 2729 1295 2770; x_wconf 94' lang='lat' dir='ltr'><strong>non</strong></span> <span class='ocrx_word' id='word_1_169' title='bbox 1324 2712 1395 2771; x_wconf 90' lang='lat' dir='ltr'><strong>eitra</strong></span> <span class='ocrx_word' id='word_1_170' title='bbox 1418 2710 1576 2770; x_wconf 87' lang='lat' dir='ltr'><strong>doctissimi</strong></span> 
     </span>
    </p>

    <p class='ocr_par' dir='ltr' id='par_1_5' title="bbox 225 2810 1644 3297">
     <span class='ocr_line' id='line_1_16' title="bbox 225 2810 1575 2890; baseline 0.002 -22"><span class='ocrx_word' id='word_1_171' title='bbox 225 2829 244 2868; x_wconf 74' lang='lat' dir='ltr'><strong>s</strong></span> <span class='ocrx_word' id='word_1_172' title='bbox 280 2813 341 2873; x_wconf 79' lang='lat' dir='ltr'><strong>viri</strong></span> <span class='ocrx_word' id='word_1_173' title='bbox 364 2819 394 2873; x_wconf 90' lang='lat' dir='ltr'><strong>et</strong></span> <span class='ocrx_word' id='word_1_174' title='bbox 416 2830 448 2872; x_wconf 91' lang='lat' dir='ltr'><strong>se</strong></span> <span class='ocrx_word' id='word_1_175' title='bbox 469 2829 523 2890; x_wconf 91' lang='lat' dir='ltr'><strong>per</strong></span> <span class='ocrx_word' id='word_1_176' title='bbox 545 2811 643 2871; x_wconf 91' lang='lat' dir='ltr'><strong>omnia</strong></span> <span class='ocrx_word' id='word_1_177' title='bbox 657 2810 786 2871; x_wconf 91' lang='lat' dir='ltr'><strong>melioris</strong></span> <span class='ocrx_word' id='word_1_178' title='bbox 802 2811 1008 2871; x_wconf 87' lang='lat' dir='ltr'><strong>contumeliam</strong></span> <span class='ocrx_word' id='word_1_179' title='bbox 1024 2812 1180 2871; x_wconf 85' lang='lat' dir='ltr'><strong>dedicavit:</strong></span> <span class='ocrx_word' id='word_1_180' title='bbox 1204 2811 1411 2873; x_wconf 89' lang='lat' dir='ltr'><strong>adsentabatur</strong></span> <span class='ocrx_word' id='word_1_181' title='bbox 1425 2810 1473 2871; x_wconf 89' lang='lat' dir='ltr'><strong>ille</strong></span> <span class='ocrx_word' id='word_1_182' title='bbox 1488 2813 1575 2881; x_wconf 89' lang='lat' dir='ltr'><strong>enim,</strong></span> 
     </span>
     <span class='ocr_line' id='line_1_17' title="bbox 273 2912 1644 2999; baseline -0.006 -22"><span class='ocrx_word' id='word_1_183' title='bbox 273 2922 315 2977; x_wconf 84' lang='lat' dir='ltr'><strong>ut</strong></span> <span class='ocrx_word' id='word_1_184' title='bbox 337 2915 391 2974; x_wconf 91' lang='lat' dir='ltr'><strong>uni</strong></span> <span class='ocrx_word' id='word_1_185' title='bbox 412 2912 556 2992; x_wconf 87' lang='lat' dir='ltr'><strong>placeret;</strong></span> <span class='ocrx_word' id='word_1_186' title='bbox 579 2913 627 2972; x_wconf 90' lang='lat' dir='ltr'><strong>bic</strong></span> <span class='ocrx_word' id='word_1_187' title='bbox 649 2931 751 2972; x_wconf 86' lang='lat' dir='ltr'><strong>rerum</strong></span> <span class='ocrx_word' id='word_1_188' title='bbox 772 2913 863 2999; x_wconf 74' lang='lat' dir='ltr'><strong>dixit,</strong></span> <span class='ocrx_word' id='word_1_189' title='bbox 887 2920 919 2973; x_wconf 92' lang='lat' dir='ltr'><strong>ut</strong></span> <span class='ocrx_word' id='word_1_190' title='bbox 941 2912 1039 2973; x_wconf 82' lang='lat' dir='ltr'><strong>inultis</strong></span> <span class='ocrx_word' id='word_1_191' title='bbox 1061 2913 1222 2990; x_wconf 79' lang='lat' dir='ltr'><strong>prodesset.</strong></span> <span class='ocrx_word' id='word_1_192' title='bbox 1267 2913 1342 2984; x_wconf 83' lang='lat' dir='ltr'><strong>Quid</strong></span> <span class='ocrx_word' id='word_1_193' title='bbox 1365 2914 1401 2973; x_wconf 93' lang='lat' dir='ltr'><strong>ad</strong></span> <span class='ocrx_word' id='word_1_194' title='bbox 1422 2913 1575 2972; x_wconf 86' lang='lat' dir='ltr'><strong>Christiani</strong></span> <span class='ocrx_word' id='word_1_195' title='bbox 1586 2918 1644 2968; x_wconf 73' lang='lat' dir='ltr'><strong>on.</strong></span> 
     </span>
     <span class='ocr_line' id='line_1_18' title="bbox 271 3014 1577 3092; baseline -0.002 -16"><span class='ocrx_word' id='word_1_196' title='bbox 271 3016 413 3076; x_wconf 84' lang='lat' dir='ltr'><strong>hominis</strong></span> <span class='ocrx_word' id='word_1_197' title='bbox 435 3022 464 3075; x_wconf 93' lang='lat' dir='ltr'><strong>et</strong></span> <span class='ocrx_word' id='word_1_198' title='bbox 485 3014 632 3075; x_wconf 83' lang='lat' dir='ltr'><strong>boni&#39;viri</strong></span> <span class='ocrx_word' id='word_1_199' title='bbox 654 3015 864 3090; x_wconf 76' lang='lat' dir='ltr'><strong>perfectionem</strong></span> <span class='ocrx_word' id='word_1_200' title='bbox 887 3014 987 3074; x_wconf 76' lang='lat' dir='ltr'><strong>deest?</strong></span> <span class='ocrx_word' id='word_1_201' title='bbox 1010 3014 1103 3084; x_wconf 78' lang='lat' dir='ltr'><strong>Quam</strong></span> <span class='ocrx_word' id='word_1_202' title='bbox 1125 3021 1155 3075; x_wconf 90' lang='lat' dir='ltr'><strong>te</strong></span> <span class='ocrx_word' id='word_1_203' title='bbox 1176 3034 1235 3075; x_wconf 92' lang='lat' dir='ltr'><strong>non</strong></span> <span class='ocrx_word' id='word_1_204' title='bbox 1258 3016 1512 3092; x_wconf 67' lang='lat' dir='ltr'><strong>noverunt‘igitur</strong></span> <span class='ocrx_word' id='word_1_205' title='bbox 1527 3016 1577 3092; x_wconf 87' lang='lat' dir='ltr'><strong>qui</strong></span> 
     </span>
     <span class='ocr_line' id='line_1_19' title="bbox 270 3114 1576 3194; baseline -0.003 -16"><span class='ocrx_word' id='word_1_206' title='bbox 270 3124 422 3178; x_wconf 75' lang='lat' dir='ltr'><strong>maturant</strong></span> <span class='ocrx_word' id='word_1_207' title='bbox 442 3117 588 3194; x_wconf 86' lang='lat' dir='ltr'><strong>ingratum</strong></span> <span class='ocrx_word' id='word_1_208' title='bbox 611 3115 690 3175; x_wconf 83' lang='lat' dir='ltr'><strong>binio</strong></span> <span class='ocrx_word' id='word_1_209' title='bbox 712 3116 776 3176; x_wconf 89' lang='lat' dir='ltr'><strong>lore</strong></span> <span class='ocrx_word' id='word_1_210' title='bbox 798 3115 850 3175; x_wconf 93' lang='lat' dir='ltr'><strong>tibi</strong></span> <span class='ocrx_word' id='word_1_211' title='bbox 873 3114 959 3176; x_wconf 82' lang='lat' dir='ltr'><strong>Vallae</strong></span> <span class='ocrx_word' id='word_1_212' title='bbox 981 3115 1128 3177; x_wconf 89' lang='lat' dir='ltr'><strong>laborem:</strong></span> <span class='ocrx_word' id='word_1_213' title='bbox 1151 3118 1176 3177; x_wconf 94' lang='lat' dir='ltr'><strong>si</strong></span> <span class='ocrx_word' id='word_1_214' title='bbox 1197 3125 1317 3177; x_wconf 89' lang='lat' dir='ltr'><strong>nossent</strong></span> <span class='ocrx_word' id='word_1_215' title='bbox 1339 3119 1432 3185; x_wconf 90' lang='lat' dir='ltr'><strong>enim,</strong></span> <span class='ocrx_word' id='word_1_216' title='bbox 1460 3133 1520 3176; x_wconf 90' lang='lat' dir='ltr'><strong>non</strong></span> <span class='ocrx_word' id='word_1_217' title='bbox 1541 3135 1576 3176; x_wconf 88' lang='lat' dir='ltr'><strong>ex</strong></span> 
     </span>
     <span class='ocr_line' id='line_1_20' title="bbox 270 3216 1576 3297; baseline -0.003 -17"><span class='ocrx_word' id='word_1_218' title='bbox 270 3218 460 3297; x_wconf 68' lang='lat' dir='ltr'><strong>praedonum</strong></span> <span class='ocrx_word' id='word_1_219' title='bbox 482 3217 652 3295; x_wconf 85' lang='lat' dir='ltr'><strong>pontificum</strong></span> <span class='ocrx_word' id='word_1_220' title='bbox 675 3216 806 3277; x_wconf 91' lang='lat' dir='ltr'><strong>moribus</strong></span> <span class='ocrx_word' id='word_1_221' title='bbox 829 3225 909 3277; x_wconf 89' lang='lat' dir='ltr'><strong>tuam</strong></span> <span class='ocrx_word' id='word_1_222' title='bbox 930 3217 1109 3278; x_wconf 76' lang='lat' dir='ltr'><strong>aestimarent</strong></span> <span class='ocrx_word' id='word_1_223' title='bbox 1130 3221 1225 3278; x_wconf 84' lang='lat' dir='ltr'><strong>vitam.</strong></span> <span class='ocrx_word' id='word_1_224' title='bbox 1271 3237 1287 3278; x_wconf 92' lang='lat' dir='ltr'><strong>a</strong></span> <span class='ocrx_word' id='word_1_225' title='bbox 1310 3218 1417 3296; x_wconf 89' lang='lat' dir='ltr'><strong>quibus</strong></span> <span class='ocrx_word' id='word_1_226' title='bbox 1432 3235 1486 3296; x_wconf 88' lang='lat' dir='ltr'><strong>ogo</strong></span> <span class='ocrx_word' id='word_1_227' title='bbox 1501 3216 1576 3278; x_wconf 91' lang='lat' dir='ltr'><strong>mul·</strong></span> 
     </span>
    </p>

    <p class='ocr_par' dir='ltr' id='par_1_6' title="bbox 225 3318 1651 3804">
     <span class='ocr_line' id='line_1_21' title="bbox 225 3318 1578 3397; baseline 0.001 -20"><span class='ocrx_word' id='word_1_228' title='bbox 225 3339 243 3377; x_wconf 76' lang='grc' dir='ltr'><strong>ι</strong></span> <span class='ocrx_word' id='word_1_229' title='bbox 273 3328 348 3381; x_wconf 72' lang='lat' dir='ltr'><strong>turn</strong></span> <span class='ocrx_word' id='word_1_230' title='bbox 371 3319 527 3389; x_wconf 87' lang='lat' dir='ltr'><strong>dissentio,</strong></span> <span class='ocrx_word' id='word_1_231' title='bbox 550 3325 580 3379; x_wconf 87' lang='lat' dir='ltr'><strong>et</strong></span> <span class='ocrx_word' id='word_1_232' title='bbox 601 3336 668 3379; x_wconf 90' lang='lat' dir='ltr'><strong>eum</strong></span> <span class='ocrx_word' id='word_1_233' title='bbox 690 3325 771 3379; x_wconf 87' lang='lat' dir='ltr'><strong>tuam</strong></span> <span class='ocrx_word' id='word_1_234' title='bbox 790 3318 947 3396; x_wconf 78' lang='lat' dir='ltr'><strong>praedicari</strong></span> <span class='ocrx_word' id='word_1_235' title='bbox 969 3320 1077 3379; x_wconf 90' lang='lat' dir='ltr'><strong>lamam</strong></span> <span class='ocrx_word' id='word_1_236' title='bbox 1099 3319 1200 3389; x_wconf 85' lang='lat' dir='ltr'><strong>audio,</strong></span> <span class='ocrx_word' id='word_1_237' title='bbox 1230 3327 1258 3379; x_wconf 91' lang='lat' dir='ltr'><strong>et</strong></span> <span class='ocrx_word' id='word_1_238' title='bbox 1279 3320 1356 3379; x_wconf 90' lang='lat' dir='ltr'><strong>bane</strong></span> <span class='ocrx_word' id='word_1_239' title='bbox 1378 3321 1494 3397; x_wconf 75' lang='lat' dir='ltr'><strong>optima</strong></span> <span class='ocrx_word' id='word_1_240' title='bbox 1516 3321 1578 3397; x_wconf 91' lang='lat' dir='ltr'><strong>opi·</strong></span> 
     </span>
     <span class='ocr_line' id='line_1_22' title="bbox 270 3419 1579 3499; baseline -0.002 -17"><span class='ocrx_word' id='word_1_241' title='bbox 270 3423 382 3482; x_wconf 66' lang='lat' dir='ltr'><strong>ationis</strong></span> <span class='ocrx_word' id='word_1_242' title='bbox 405 3419 522 3498; x_wconf 88' lang='lat' dir='ltr'><strong>plenam</strong></span> <span class='ocrx_word' id='word_1_243' title='bbox 545 3420 768 3497; x_wconf 87' lang='lat' dir='ltr'><strong>promissionem</strong></span> <span class='ocrx_word' id='word_1_244' title='bbox 790 3419 841 3494; x_wconf 84' lang='lat' dir='ltr'><strong>ubi</strong></span> <span class='ocrx_word' id='word_1_245' title='bbox 864 3421 1044 3499; x_wconf 78' lang='lat' dir='ltr'><strong>consydero:</strong></span> <span class='ocrx_word' id='word_1_246' title='bbox 1079 3429 1226 3482; x_wconf 88' lang='lat' dir='ltr'><strong>restauras</strong></span> <span class='ocrx_word' id='word_1_247' title='bbox 1249 3429 1280 3481; x_wconf 90' lang='lat' dir='ltr'><strong>tn</strong></span> <span class='ocrx_word' id='word_1_248' title='bbox 1303 3422 1380 3481; x_wconf 90' lang='lat' dir='ltr'><strong>enim</strong></span> <span class='ocrx_word' id='word_1_249' title='bbox 1402 3440 1521 3499; x_wconf 89' lang='lat' dir='ltr'><strong>pacem;</strong></span> <span class='ocrx_word' id='word_1_250' title='bbox 1550 3428 1579 3480; x_wconf 93' lang='lat' dir='ltr'><strong>at</strong></span> 
     </span>
     <span class='ocr_line' id='line_1_23' title="bbox 271 3521 1651 3602; baseline -0.001 -18"><span class='ocrx_word' id='word_1_251' title='bbox 271 3542 342 3602; x_wconf 71' lang='lat' dir='ltr'><strong>pax</strong></span> <span class='ocrx_word' id='word_1_252' title='bbox 364 3542 432 3584; x_wconf 90' lang='lat' dir='ltr'><strong>esse</strong></span> <span class='ocrx_word' id='word_1_253' title='bbox 453 3524 529 3583; x_wconf 91' lang='lat' dir='ltr'><strong>inter</strong></span> <span class='ocrx_word' id='word_1_254' title='bbox 551 3529 686 3601; x_wconf 89' lang='lat' dir='ltr'><strong>raptores</strong></span> <span class='ocrx_word' id='word_1_255' title='bbox 708 3531 738 3582; x_wconf 88' lang='lat' dir='ltr'><strong>et</strong></span> <span class='ocrx_word' id='word_1_256' title='bbox 759 3540 809 3583; x_wconf 90' lang='lat' dir='ltr'><strong>eos</strong></span> <span class='ocrx_word' id='word_1_257' title='bbox 832 3541 848 3582; x_wconf 93' lang='lat' dir='ltr'><strong>a</strong></span> <span class='ocrx_word' id='word_1_258' title='bbox 870 3521 978 3601; x_wconf 88' lang='lat' dir='ltr'><strong>quibus</strong></span> <span class='ocrx_word' id='word_1_259' title='bbox 996 3524 1124 3601; x_wconf 89' lang='lat' dir='ltr'><strong>rapitur,</strong></span> <span class='ocrx_word' id='word_1_260' title='bbox 1147 3525 1202 3584; x_wconf 91' lang='lat' dir='ltr'><strong>nisi</strong></span> <span class='ocrx_word' id='word_1_261' title='bbox 1217 3543 1302 3585; x_wconf 89' lang='lat' dir='ltr'><strong>suum</strong></span> <span class='ocrx_word' id='word_1_262' title='bbox 1319 3522 1475 3592; x_wconf 73' lang='lat' dir='ltr'><strong>reddatur,</strong></span> <span class='ocrx_word' id='word_1_263' title='bbox 1499 3521 1577 3583; x_wconf 91' lang='lat' dir='ltr'><strong>nulla</strong></span> <span class='ocrx_word' id='word_1_264' title='bbox 1649 3556 1651 3559; x_wconf 30' lang='grc' dir='ltr'><strong>ν</strong></span> 
     </span>
     <span class='ocr_line' id='line_1_24' title="bbox 275 3624 1578 3704; baseline 0 -19"><span class='ocrx_word' id='word_1_265' title='bbox 275 3631 398 3704; x_wconf 57' lang='lat' dir='ltr'><strong>pateam</strong></span> <span class='ocrx_word' id='word_1_266' title='bbox 421 3642 518 3703; x_wconf 88' lang='lat' dir='ltr'><strong>neque</strong></span> <span class='ocrx_word' id='word_1_267' title='bbox 539 3631 571 3684; x_wconf 89' lang='lat' dir='ltr'><strong>tu</strong></span> <span class='ocrx_word' id='word_1_268' title='bbox 594 3625 649 3684; x_wconf 91' lang='lat' dir='ltr'><strong>nisi</strong></span> <span class='ocrx_word' id='word_1_269' title='bbox 671 3642 734 3684; x_wconf 89' lang='lat' dir='ltr'><strong>rem</strong></span> <span class='ocrx_word' id='word_1_270' title='bbox 756 3624 849 3702; x_wconf 87' lang='lat' dir='ltr'><strong>ipsam</strong></span> <span class='ocrx_word' id='word_1_271' title='bbox 873 3632 1013 3701; x_wconf 68' lang='lat' dir='ltr'><strong>praestare</strong></span> <span class='ocrx_word' id='word_1_272' title='bbox 1034 3624 1137 3694; x_wconf 83' lang='lat' dir='ltr'><strong>velles,</strong></span> <span class='ocrx_word' id='word_1_273' title='bbox 1164 3626 1260 3685; x_wconf 89' lang='lat' dir='ltr'><strong>inania</strong></span> <span class='ocrx_word' id='word_1_274' title='bbox 1289 3624 1374 3684; x_wconf 91' lang='lat' dir='ltr'><strong>nobis</strong></span> <span class='ocrx_word' id='word_1_275' title='bbox 1395 3643 1578 3703; x_wconf 88' lang='lat' dir='ltr'><strong>proponeres</strong></span> 
     </span>
     <span class='ocr_line' id='line_1_25' title="bbox 271 3714 1646 3804; baseline -0.001 -16"><span class='ocrx_word' id='word_1_276' title='bbox 271 3714 385 3788; x_wconf 65' lang='lat' dir='ltr'><strong>uerba.</strong></span> <span class='ocrx_word' id='word_1_277' title='bbox 430 3725 531 3804; x_wconf 85' lang='lat' dir='ltr'><strong>ltaque</strong></span> <span class='ocrx_word' id='word_1_278' title='bbox 552 3726 595 3785; x_wconf 89' lang='lat' dir='ltr'><strong>sie</strong></span> <span class='ocrx_word' id='word_1_279' title='bbox 616 3726 736 3803; x_wconf 92' lang='lat' dir='ltr'><strong>opinor,</strong></span> <span class='ocrx_word' id='word_1_280' title='bbox 759 3724 842 3785; x_wconf 86' lang='lat' dir='ltr'><strong>valde</strong></span> <span class='ocrx_word' id='word_1_281' title='bbox 863 3728 1082 3786; x_wconf 88' lang='lat' dir='ltr'><strong>succensuissos</strong></span> <span class='ocrx_word' id='word_1_282' title='bbox 1103 3732 1135 3786; x_wconf 90' lang='lat' dir='ltr'><strong>tu</strong></span> <span class='ocrx_word' id='word_1_283' title='bbox 1158 3727 1242 3795; x_wconf 87' lang='lat' dir='ltr'><strong>milri,</strong></span> <span class='ocrx_word' id='word_1_284' title='bbox 1265 3728 1288 3785; x_wconf 90' lang='lat' dir='ltr'><strong>si</strong></span> <span class='ocrx_word' id='word_1_285' title='bbox 1312 3745 1371 3785; x_wconf 86' lang='lat' dir='ltr'><strong>rron</strong></span> <span class='ocrx_word' id='word_1_286' title='bbox 1393 3734 1452 3786; x_wconf 90' lang='lat' dir='ltr'><strong>tarn</strong></span> <span class='ocrx_word' id='word_1_287' title='bbox 1475 3734 1646 3786; x_wconf 67' lang='lat' dir='ltr'><strong>contrata.</strong></span> 
     </span>
    </p>

    <p class='ocr_par' dir='ltr' id='par_1_7' title="bbox 225 3827 1646 4313">
     <span class='ocr_line' id='line_1_26' title="bbox 225 3827 1579 3907; baseline 0.001 -22"><span class='ocrx_word' id='word_1_288' title='bbox 225 3846 248 3885; x_wconf 70' lang='lat' dir='ltr'><strong>s</strong></span> <span class='ocrx_word' id='word_1_289' title='bbox 279 3830 376 3889; x_wconf 80' lang='lat' dir='ltr'><strong>animi</strong></span> <span class='ocrx_word' id='word_1_290' title='bbox 398 3828 572 3890; x_wconf 86' lang='lat' dir='ltr'><strong>sententiam</strong></span> <span class='ocrx_word' id='word_1_291' title='bbox 594 3827 651 3887; x_wconf 90' lang='lat' dir='ltr'><strong>mei</strong></span> <span class='ocrx_word' id='word_1_292' title='bbox 674 3845 762 3904; x_wconf 90' lang='lat' dir='ltr'><strong>quam</strong></span> <span class='ocrx_word' id='word_1_293' title='bbox 785 3828 872 3887; x_wconf 89' lang='lat' dir='ltr'><strong>etiam</strong></span> <span class='ocrx_word' id='word_1_294' title='bbox 895 3834 997 3887; x_wconf 90' lang='lat' dir='ltr'><strong>contra</strong></span> <span class='ocrx_word' id='word_1_295' title='bbox 1014 3846 1200 3887; x_wconf 80' lang='lat' dir='ltr'><strong>communem</strong></span> <span class='ocrx_word' id='word_1_296' title='bbox 1215 3827 1347 3887; x_wconf 90' lang='lat' dir='ltr'><strong>omnium</strong></span> <span class='ocrx_word' id='word_1_297' title='bbox 1362 3846 1480 3888; x_wconf 90' lang='lat' dir='ltr'><strong>sensum</strong></span> <span class='ocrx_word' id='word_1_298' title='bbox 1505 3827 1579 3907; x_wconf 87' lang='lat' dir='ltr'><strong>(quis</strong></span> 
     </span>
     <span class='ocr_line' id='line_1_27' title="bbox 280 3927 1579 4009; baseline -0.003 -17"><span class='ocrx_word' id='word_1_299' title='bbox 280 3939 331 3991; x_wconf 83' lang='lat' dir='ltr'><strong>est</strong></span> <span class='ocrx_word' id='word_1_300' title='bbox 353 3932 432 3992; x_wconf 84' lang='lat' dir='ltr'><strong>eninr</strong></span> <span class='ocrx_word' id='word_1_301' title='bbox 453 3931 504 4009; x_wconf 83' lang='lat' dir='ltr'><strong>qui</strong></span> <span class='ocrx_word' id='word_1_302' title='bbox 526 3931 564 3990; x_wconf 89' lang='lat' dir='ltr'><strong>ita</strong></span> <span class='ocrx_word' id='word_1_303' title='bbox 586 3929 719 4007; x_wconf 79' lang='lat' dir='ltr'><strong>sentiat&#39;t)</strong></span> <span class='ocrx_word' id='word_1_304' title='bbox 742 3927 915 4005; x_wconf 87' lang='lat' dir='ltr'><strong>probassem</strong></span> <span class='ocrx_word' id='word_1_305' title='bbox 937 3929 1015 4005; x_wconf 87' lang='lat' dir='ltr'><strong>apnd</strong></span> <span class='ocrx_word' id='word_1_306' title='bbox 1031 3935 1060 3987; x_wconf 92' lang='lat' dir='ltr'><strong>te</strong></span> <span class='ocrx_word' id='word_1_307' title='bbox 1075 3928 1223 4007; x_wconf 87' lang='lat' dir='ltr'><strong>piaculare</strong></span> <span class='ocrx_word' id='word_1_308' title='bbox 1238 3929 1424 4005; x_wconf 82' lang='lat' dir='ltr'><strong>figmentum,</strong></span> <span class='ocrx_word' id='word_1_309' title='bbox 1448 3930 1526 4008; x_wconf 86' lang='lat' dir='ltr'><strong>qnod</strong></span> <span class='ocrx_word' id='word_1_310' title='bbox 1542 3930 1579 3989; x_wconf 91' lang='lat' dir='ltr'><strong>de</strong></span> 
     </span>
     <span class='ocr_line' id='line_1_28' title="bbox 280 4029 1578 4107; baseline -0.001 -15"><span class='ocrx_word' id='word_1_311' title='bbox 280 4032 476 4092; x_wconf 73' lang='lat' dir='ltr'><strong>Constantino</strong></span> <span class='ocrx_word' id='word_1_312' title='bbox 498 4032 611 4101; x_wconf 91' lang='lat' dir='ltr'><strong>mentiti</strong></span> <span class='ocrx_word' id='word_1_313' title='bbox 633 4037 701 4092; x_wconf 90' lang='lat' dir='ltr'><strong>sunt</strong></span> <span class='ocrx_word' id='word_1_314' title='bbox 723 4029 762 4090; x_wconf 92' lang='lat' dir='ltr'><strong>illi</strong></span> <span class='ocrx_word' id='word_1_315' title='bbox 783 4029 1064 4107; x_wconf 84' lang='lat' dir='ltr'><strong>pseudopontifices,</strong></span> <span class='ocrx_word' id='word_1_316' title='bbox 1087 4031 1136 4107; x_wconf 85' lang='lat' dir='ltr'><strong>qui</strong></span> <span class='ocrx_word' id='word_1_317' title='bbox 1158 4029 1318 4089; x_wconf 89' lang='lat' dir='ltr'><strong>occidentis</strong></span> <span class='ocrx_word' id='word_1_318' title='bbox 1339 4031 1495 4107; x_wconf 90' lang='lat' dir='ltr'><strong>imperium</strong></span> <span class='ocrx_word' id='word_1_319' title='bbox 1510 4050 1578 4091; x_wconf 88' lang='lat' dir='ltr'><strong>curn</strong></span> 
     </span>
     <span class='ocr_line' id='line_1_29' title="bbox 278 4131 1646 4212; baseline -0.004 -18"><span class='ocrx_word' id='word_1_320' title='bbox 278 4133 362 4194; x_wconf 82' lang='lat' dir='ltr'><strong>urbe</strong></span> <span class='ocrx_word' id='word_1_321' title='bbox 384 4132 478 4193; x_wconf 85' lang='lat' dir='ltr'><strong>Roma</strong></span> <span class='ocrx_word' id='word_1_322' title='bbox 500 4134 632 4212; x_wconf 89' lang='lat' dir='ltr'><strong>gentium</strong></span> <span class='ocrx_word' id='word_1_323' title='bbox 655 4132 771 4192; x_wconf 86' lang='lat' dir='ltr'><strong>domina</strong></span> <span class='ocrx_word' id='word_1_324' title='bbox 795 4149 969 4191; x_wconf 86' lang='lat' dir='ltr'><strong>concessum</strong></span> <span class='ocrx_word' id='word_1_325' title='bbox 991 4131 1028 4191; x_wconf 90' lang='lat' dir='ltr'><strong>ab</strong></span> <span class='ocrx_word' id='word_1_326' title='bbox 1044 4132 1101 4191; x_wconf 92' lang='lat' dir='ltr'><strong>boo</strong></span> <span class='ocrx_word' id='word_1_327' title='bbox 1117 4132 1172 4191; x_wconf 92' lang='lat' dir='ltr'><strong>sibi</strong></span> <span class='ocrx_word' id='word_1_328' title='bbox 1188 4131 1410 4192; x_wconf 88' lang='lat' dir='ltr'><strong>contenderunt.</strong></span> <span class='ocrx_word' id='word_1_329' title='bbox 1444 4131 1646 4202; x_wconf 69' lang='lat' dir='ltr'><strong>Queruntur.</strong></span> 
     </span>
     <span class='ocr_line' id='line_1_30' title="bbox 280 4232 1578 4313; baseline 0 -18"><span class='ocrx_word' id='word_1_330' title='bbox 280 4236 317 4295; x_wconf 87' lang='lat' dir='ltr'><strong>in</strong></span> <span class='ocrx_word' id='word_1_331' title='bbox 339 4236 396 4296; x_wconf 89' lang='lat' dir='ltr'><strong>boo</strong></span> <span class='ocrx_word' id='word_1_332' title='bbox 418 4236 601 4312; x_wconf 90' lang='lat' dir='ltr'><strong>potissimum</strong></span> <span class='ocrx_word' id='word_1_333' title='bbox 624 4232 774 4294; x_wconf 86' lang='lat' dir='ltr'><strong>audaciam</strong></span> <span class='ocrx_word' id='word_1_334' title='bbox 797 4234 904 4299; x_wconf 91' lang='lat' dir='ltr'><strong>miror,</strong></span> <span class='ocrx_word' id='word_1_335' title='bbox 929 4232 1008 4311; x_wconf 86' lang='lat' dir='ltr'><strong>quod</strong></span> <span class='ocrx_word' id='word_1_336' title='bbox 1031 4234 1113 4293; x_wconf 84' lang='lat' dir='ltr'><strong>veriti</strong></span> <span class='ocrx_word' id='word_1_337' title='bbox 1135 4252 1194 4293; x_wconf 91' lang='lat' dir='ltr'><strong>non</strong></span> <span class='ocrx_word' id='word_1_338' title='bbox 1210 4241 1278 4294; x_wconf 90' lang='lat' dir='ltr'><strong>sunt</strong></span> <span class='ocrx_word' id='word_1_339' title='bbox 1294 4233 1321 4293; x_wconf 93' lang='lat' dir='ltr'><strong>id</strong></span> <span class='ocrx_word' id='word_1_340' title='bbox 1337 4235 1484 4295; x_wconf 84' lang='lat' dir='ltr'><strong>affirmare</strong></span> <span class='ocrx_word' id='word_1_341' title='bbox 1500 4236 1578 4313; x_wconf 91' lang='lat' dir='ltr'><strong>quod</strong></span> 
     </span>
    </p>

    <p class='ocr_par' dir='ltr' id='par_1_8' title="bbox 225 4334 1580 4415">
     <span class='ocr_line' id='line_1_31' title="bbox 225 4334 1580 4415; baseline 0.001 -19"><span class='ocrx_word' id='word_1_342' title='bbox 225 4350 248 4388; x_wconf 63' lang='grc' dir='ltr'>ι</span> <span class='ocrx_word' id='word_1_343' title='bbox 284 4336 470 4397; x_wconf 71' lang='lat' dir='ltr'><strong>crediturum</strong></span> <span class='ocrx_word' id='word_1_344' title='bbox 491 4337 639 4396; x_wconf 86' lang='lat' dir='ltr'><strong>neminem</strong></span> <span class='ocrx_word' id='word_1_345' title='bbox 661 4336 782 4394; x_wconf 85' lang='lat' dir='ltr'><strong>s&#39;eiront:</strong></span> <span class='ocrx_word' id='word_1_346' title='bbox 806 4334 857 4395; x_wconf 91' lang='lat' dir='ltr'><strong>sed</strong></span> <span class='ocrx_word' id='word_1_347' title='bbox 873 4334 1026 4394; x_wconf 87' lang='lat' dir='ltr'><strong>Germanis</strong></span> <span class='ocrx_word' id='word_1_348' title='bbox 1041 4353 1234 4411; x_wconf 91' lang='lat' dir='ltr'><strong>persuasuros</strong></span> <span class='ocrx_word' id='word_1_349' title='bbox 1248 4355 1280 4397; x_wconf 91' lang='lat' dir='ltr'><strong>se</strong></span> <span class='ocrx_word' id='word_1_350' title='bbox 1301 4334 1455 4413; x_wconf 71' lang='lat' dir='ltr'><strong>latitabant,</strong></span> <span class='ocrx_word' id='word_1_351' title='bbox 1478 4344 1580 4415; x_wconf 88' lang='lat' dir='ltr'><strong>utpote</strong></span> 
     </span>
    </p>

    <p class='ocr_par' dir='ltr' id='par_1_9' title="bbox 225 4429 1654 4822">
     <span class='ocr_line' id='line_1_32' title="bbox 225 4429 1654 4517; baseline 0 -19"><span class='ocrx_word' id='word_1_352' title='bbox 225 4429 262 4450; x_wconf 67' lang='lat'>⁸</span> <span class='ocrx_word' id='word_1_353' title='bbox 281 4457 362 4517; x_wconf 79' lang='lat' dir='ltr'><strong>quos</strong></span> <span class='ocrx_word' id='word_1_354' title='bbox 385 4438 542 4498; x_wconf 87' lang='lat' dir='ltr'><strong>cerebrum</strong></span> <span class='ocrx_word' id='word_1_355' title='bbox 564 4455 623 4497; x_wconf 96' lang='lat' dir='ltr'><strong>non</strong></span> <span class='ocrx_word' id='word_1_356' title='bbox 647 4435 757 4498; x_wconf 89' lang='lat' dir='ltr'><strong>babere</strong></span> <span class='ocrx_word' id='word_1_357' title='bbox 779 4437 855 4496; x_wconf 82' lang='lat' dir='ltr'><strong>lania</strong></span> <span class='ocrx_word' id='word_1_358' title='bbox 878 4444 940 4507; x_wconf 90' lang='lat' dir='ltr'><strong>est,</strong></span> <span class='ocrx_word' id='word_1_359' title='bbox 968 4445 1056 4516; x_wconf 89' lang='lat' dir='ltr'><strong>atque</strong></span> <span class='ocrx_word' id='word_1_360' title='bbox 1084 4439 1173 4516; x_wconf 90' lang='lat' dir='ltr'><strong>igitur</strong></span> <span class='ocrx_word' id='word_1_361' title='bbox 1200 4438 1318 4516; x_wconf 88' lang='lat' dir='ltr'><strong>ingenio</strong></span> <span class='ocrx_word' id='word_1_362' title='bbox 1346 4439 1391 4499; x_wconf 90' lang='lat' dir='ltr'><strong>usi</strong></span> <span class='ocrx_word' id='word_1_363' title='bbox 1414 4457 1472 4497; x_wconf 95' lang='lat' dir='ltr'><strong>non</strong></span> <span class='ocrx_word' id='word_1_364' title='bbox 1495 4445 1578 4498; x_wconf 90' lang='lat' dir='ltr'><strong>sunt:</strong></span> <span class='ocrx_word' id='word_1_365' title='bbox 1602 4507 1605 4512; x_wconf 48' lang='grc'>,</span> <span class='ocrx_word' id='word_1_366' title='bbox 1652 4508 1654 4510; x_wconf 30' lang='grc'><strong>,</strong></span> 
     </span>
     <span class='ocr_line' id='line_1_33' title="bbox 284 4536 1579 4619; baseline -0.002 -18"><span class='ocrx_word' id='word_1_367' title='bbox 284 4542 397 4619; x_wconf 83' lang='lat' dir='ltr'><strong>qnippe</strong></span> <span class='ocrx_word' id='word_1_368' title='bbox 418 4541 443 4599; x_wconf 90' lang='lat' dir='ltr'><strong>si</strong></span> <span class='ocrx_word' id='word_1_369' title='bbox 465 4540 567 4599; x_wconf 88' lang='lat' dir='ltr'><strong>luisset</strong></span> <span class='ocrx_word' id='word_1_370' title='bbox 589 4557 655 4598; x_wconf 81' lang='lat' dir='ltr'><strong>cunt</strong></span> <span class='ocrx_word' id='word_1_371' title='bbox 678 4536 741 4597; x_wconf 89' lang='lat' dir='ltr'><strong>aliis</strong></span> <span class='ocrx_word' id='word_1_372' title='bbox 763 4537 820 4597; x_wconf 89' lang='lat' dir='ltr'><strong>sibi</strong></span> <span class='ocrx_word' id='word_1_373' title='bbox 842 4538 979 4615; x_wconf 82' lang='lat' dir='ltr'><strong>gentibus</strong></span> <span class='ocrx_word' id='word_1_374' title='bbox 1001 4541 1171 4617; x_wconf 85' lang='lat' dir='ltr'><strong>negocium,</strong></span> <span class='ocrx_word' id='word_1_375' title='bbox 1201 4541 1301 4618; x_wconf 89' lang='lat' dir='ltr'><strong>utique</strong></span> <span class='ocrx_word' id='word_1_376' title='bbox 1329 4558 1388 4600; x_wconf 89' lang='lat' dir='ltr'><strong>non</strong></span> <span class='ocrx_word' id='word_1_377' title='bbox 1411 4540 1453 4598; x_wconf 89' lang='lat' dir='ltr'><strong>sie</strong></span> <span class='ocrx_word' id='word_1_378' title='bbox 1475 4539 1579 4617; x_wconf 78' lang='lat' dir='ltr'><strong>frigida</strong></span> 
     </span>
     <span class='ocr_line' id='line_1_34' title="bbox 285 4631 1579 4718; baseline -0.002 -16"><span class='ocrx_word' id='word_1_379' title='bbox 285 4650 364 4703; x_wconf 82' lang='lat' dir='ltr'><strong>esset</strong></span> <span class='ocrx_word' id='word_1_380' title='bbox 386 4642 449 4702; x_wconf 76' lang='lat' dir='ltr'><strong>baec</strong></span> <span class='ocrx_word' id='word_1_381' title='bbox 472 4641 594 4708; x_wconf 80' lang='lat' dir='ltr'><strong>edictio,</strong></span> <span class='ocrx_word' id='word_1_382' title='bbox 617 4648 646 4700; x_wconf 89' lang='lat' dir='ltr'><strong>ot</strong></span> <span class='ocrx_word' id='word_1_383' title='bbox 668 4640 782 4701; x_wconf 90' lang='lat' dir='ltr'><strong>cantius</strong></span> <span class='ocrx_word' id='word_1_384' title='bbox 803 4631 894 4699; x_wconf 88' lang='lat' dir='ltr'><strong>moliti</strong></span> <span class='ocrx_word' id='word_1_385' title='bbox 916 4639 974 4700; x_wconf 90' lang='lat' dir='ltr'><strong>boc</strong></span> <span class='ocrx_word' id='word_1_386' title='bbox 997 4650 1195 4701; x_wconf 88' lang='lat' dir='ltr'><strong>commentum</strong></span> <span class='ocrx_word' id='word_1_387' title='bbox 1218 4648 1330 4708; x_wconf 84' lang='lat' dir='ltr'><strong>essent.</strong></span> <span class='ocrx_word' id='word_1_388' title='bbox 1355 4641 1409 4700; x_wconf 89' lang='lat' dir='ltr'><strong>nisi</strong></span> <span class='ocrx_word' id='word_1_389' title='bbox 1432 4642 1579 4718; x_wconf 88' lang='lat' dir='ltr'><strong>reperitur</strong></span> 
     </span>
     <span class='ocr_line' id='line_1_35' title="bbox 286 4742 1578 4822; baseline -0.002 -18"><span class='ocrx_word' id='word_1_390' title='bbox 286 4746 337 4822; x_wconf 84' lang='lat' dir='ltr'><strong>qui</strong></span> <span class='ocrx_word' id='word_1_391' title='bbox 359 4742 551 4804; x_wconf 78' lang='lat' dir='ltr'><strong>ostendatur</strong></span> <span class='ocrx_word' id='word_1_392' title='bbox 573 4742 800 4819; x_wconf 84' lang='lat' dir='ltr'><strong>imperatoribus</strong></span> <span class='ocrx_word' id='word_1_393' title='bbox 829 4742 894 4811; x_wconf 90' lang='lat' dir='ltr'><strong>ulli,</strong></span> <span class='ocrx_word' id='word_1_394' title='bbox 923 4750 1079 4820; x_wconf 86' lang='lat' dir='ltr'><strong>antequam</strong></span> <span class='ocrx_word' id='word_1_395' title='bbox 1102 4743 1138 4803; x_wconf 91' lang='lat' dir='ltr'><strong>ad</strong></span> <span class='ocrx_word' id='word_1_396' title='bbox 1154 4745 1316 4802; x_wconf 78' lang='lat' dir='ltr'><strong>Germanos</strong></span> <span class='ocrx_word' id='word_1_397' title='bbox 1338 4742 1503 4819; x_wconf 77' lang='lat' dir='ltr'><strong>perveniret</strong></span> <span class='ocrx_word' id='word_1_398' title='bbox 1524 4746 1578 4802; x_wconf 86' lang='lat' dir='ltr'><strong>irn-</strong></span> 
     </span>
    </p>

    <p class='ocr_par' dir='ltr' id='par_1_10' title="bbox 225 4844 1646 4923">
     <span class='ocr_line' id='line_1_36' title="bbox 225 4844 1646 4923; baseline -0.003 -16"><span class='ocrx_word' id='word_1_399' title='bbox 225 4853 251 4892; x_wconf 66' lang='grc' dir='ltr'><strong>ῑ·</strong></span> <span class='ocrx_word' id='word_1_400' title='bbox 291 4848 361 4923; x_wconf 87' lang='lat' dir='ltr'><strong>perii</strong></span> <span class='ocrx_word' id='word_1_401' title='bbox 383 4862 507 4914; x_wconf 87' lang='lat' dir='ltr'><strong>nornen,</strong></span> <span class='ocrx_word' id='word_1_402' title='bbox 530 4845 700 4904; x_wconf 75' lang='lat' dir='ltr'><strong>intentatam</strong></span> <span class='ocrx_word' id='word_1_403' title='bbox 723 4844 812 4905; x_wconf 87' lang='lat' dir='ltr'><strong>luisse</strong></span> <span class='ocrx_word' id='word_1_404' title='bbox 834 4845 911 4905; x_wconf 89' lang='lat' dir='ltr'><strong>hauc</strong></span> <span class='ocrx_word' id='word_1_405' title='bbox 933 4845 1075 4905; x_wconf 80' lang='lat' dir='ltr'><strong>fraudem.</strong></span> <span class='ocrx_word' id='word_1_406' title='bbox 1120 4845 1247 4905; x_wconf 85' lang='lat' dir='ltr'><strong>Nimium</strong></span> <span class='ocrx_word' id='word_1_407' title='bbox 1271 4862 1318 4903; x_wconf 83' lang='lat' dir='ltr'><strong>ino</strong></span> <span class='ocrx_word' id='word_1_408' title='bbox 1340 4861 1426 4919; x_wconf 87' lang='lat' dir='ltr'><strong>ergo,</strong></span> <span class='ocrx_word' id='word_1_409' title='bbox 1456 4844 1577 4903; x_wconf 88' lang='lat' dir='ltr'><strong>nimium</strong></span> <span class='ocrx_word' id='word_1_410' title='bbox 1589 4845 1646 4896; x_wconf 54' lang='lat'><strong>2²⁴·</strong></span> 
     </span>
    </p>
   </div>
   <div class='ocr_carea' id='block_1_3' title="bbox 288 5020 1581 5608">
    <p class='ocr_par' dir='ltr' id='par_1_11' title="bbox 288 5020 1581 5608">
     <span class='ocr_line' id='line_1_37' title="bbox 354 5020 1578 5097; baseline -0.004 -14"><span class='ocrx_word' id='word_1_411' title='bbox 354 5030 469 5083; x_wconf 61' lang='lat' dir='ltr'><strong>*edito</strong></span> <span class='ocrx_word' id='word_1_412' title='bbox 489 5034 514 5080; x_wconf 83' lang='lat'><strong>1.</strong></span> <span class='ocrx_word' id='word_1_413' title='bbox 522 5033 548 5080; x_wconf 81' lang='lat'><strong>2.</strong></span> <span class='ocrx_word' id='word_1_414' title='bbox 639 5030 649 5063; x_wconf 84' lang='lat'>⁸</span> <span class='ocrx_word' id='word_1_415' title='bbox 666 5028 767 5096; x_wconf 82' lang='lat' dir='ltr'><strong>poetae]</strong></span> <span class='ocrx_word' id='word_1_416' title='bbox 786 5020 965 5090; x_wconf 70' lang='grc' dir='ltr'><strong><em>Ἀπολλώνιος</em></strong></span> <span class='ocrx_word' id='word_1_417' title='bbox 977 5029 1084 5097; x_wconf 78' lang='grc' dir='ltr'><em>Δηλίῳ.</em></span> <span class='ocrx_word' id='word_1_418' title='bbox 1097 5021 1261 5093; x_wconf 77' lang='grc' dir='ltr'><strong><em>ψεύδεσθαι</em></strong></span> <span class='ocrx_word' id='word_1_419' title='bbox 1275 5030 1333 5079; x_wconf 79' lang='grc' dir='ltr'><strong><em>κτλ.</em></strong></span> <span class='ocrx_word' id='word_1_420' title='bbox 1357 5028 1461 5079; x_wconf 82' lang='lat' dir='ltr'><strong>Stobaei</strong></span> <span class='ocrx_word' id='word_1_421' title='bbox 1480 5028 1578 5079; x_wconf 83' lang='lat' dir='ltr'><strong>FloriI.</strong></span> 
     </span>
     <span class='ocr_line' id='line_1_38' title="bbox 291 5111 1579 5181; baseline -0.003 -14"><span class='ocrx_word' id='word_1_422' title='bbox 291 5115 336 5170; x_wconf 83' lang='lat' dir='ltr'><strong>xt.</strong></span> <span class='ocrx_word' id='word_1_423' title='bbox 348 5116 389 5171; x_wconf 78' lang='lat'><strong>20.</strong></span> <span class='ocrx_word' id='word_1_424' title='bbox 409 5115 774 5181; x_wconf 74' lang='lat' dir='ltr'><strong>(1.p.306.eo.(aaisr0r‹t.)</strong></span> <span class='ocrx_word' id='word_1_425' title='bbox 792 5117 905 5166; x_wconf 88' lang='lat' dir='ltr'><strong>Mentiri</strong></span> <span class='ocrx_word' id='word_1_426' title='bbox 925 5116 1077 5178; x_wconf 83' lang='lat' dir='ltr'><strong>illiberale,</strong></span> <span class='ocrx_word' id='word_1_427' title='bbox 1098 5116 1202 5165; x_wconf 83' lang='lat' dir='ltr'><strong>veritas</strong></span> <span class='ocrx_word' id='word_1_428' title='bbox 1222 5116 1342 5180; x_wconf 82' lang='lat' dir='ltr'><strong>ingenua</strong></span> <span class='ocrx_word' id='word_1_429' title='bbox 1361 5119 1412 5164; x_wconf 85' lang='lat' dir='ltr'><strong>est.</strong></span> <span class='ocrx_word' id='word_1_430' title='bbox 1436 5142 1445 5156; x_wconf 88' lang='lat'><strong>·</strong></span> <span class='ocrx_word' id='word_1_431' title='bbox 1481 5112 1503 5145; x_wconf 85' lang='lat'><strong>¹²</strong></span> <span class='ocrx_word' id='word_1_432' title='bbox 1520 5111 1579 5179; x_wconf 81' lang='lat' dir='ltr'><strong>ille]</strong></span> 
     </span>
     <span class='ocr_line' id='line_1_39' title="bbox 288 5199 1580 5262; baseline -0.001 -12"><span class='ocrx_word' id='word_1_433' title='bbox 288 5200 507 5253; x_wconf 71' lang='lat' dir='ltr'><strong>Bartholomaeus</strong></span> <span class='ocrx_word' id='word_1_434' title='bbox 524 5202 677 5252; x_wconf 86' lang='lat' dir='ltr'><strong>Pineernus</strong></span> <span class='ocrx_word' id='word_1_435' title='bbox 695 5201 729 5250; x_wconf 90' lang='lat' dir='ltr'><strong>de</strong></span> <span class='ocrx_word' id='word_1_436' title='bbox 752 5205 843 5250; x_wconf 87' lang='lat' dir='ltr'><strong>monta</strong></span> <span class='ocrx_word' id='word_1_437' title='bbox 868 5201 966 5262; x_wconf 90' lang='lat' dir='ltr'><strong>ardno,</strong></span> <span class='ocrx_word' id='word_1_438' title='bbox 997 5202 1074 5258; x_wconf 78' lang='lat' dir='ltr'><strong>cuins</strong></span> <span class='ocrx_word' id='word_1_439' title='bbox 1101 5200 1212 5249; x_wconf 85' lang='lat' dir='ltr'><strong>libellus</strong></span> <span class='ocrx_word' id='word_1_440' title='bbox 1236 5200 1388 5249; x_wconf 85' lang='lat' dir='ltr'><strong>Huttenioo</strong></span> <span class='ocrx_word' id='word_1_441' title='bbox 1411 5199 1438 5248; x_wconf 88' lang='lat' dir='ltr'><strong>in</strong></span> <span class='ocrx_word' id='word_1_442' title='bbox 1462 5199 1580 5250; x_wconf 85' lang='lat' dir='ltr'><strong>vetustis</strong></span> 
     </span>
     <span class='ocr_line' id='line_1_40' title="bbox 291 5283 1579 5354; baseline -0.002 -19"><span class='ocrx_word' id='word_1_443' title='bbox 291 5286 493 5354; x_wconf 79' lang='lat' dir='ltr'><strong>exemplaribus</strong></span> <span class='ocrx_word' id='word_1_444' title='bbox 510 5285 697 5351; x_wconf 74' lang='lat' dir='ltr'><strong>praemittitur.</strong></span> <span class='ocrx_word' id='word_1_445' title='bbox 745 5283 798 5317; x_wconf 76' lang='lat'><strong>¹³¹¹⁴</strong></span> <span class='ocrx_word' id='word_1_446' title='bbox 817 5285 996 5340; x_wconf 77' lang='lat' dir='ltr'><strong>transtulisse,</strong></span> <span class='ocrx_word' id='word_1_447' title='bbox 1012 5302 1041 5334; x_wconf 87' lang='lat' dir='ltr'><strong>se</strong></span> <span class='ocrx_word' id='word_1_448' title='bbox 1060 5286 1128 5334; x_wconf 86' lang='lat' dir='ltr'><strong>dicit</strong></span> <span class='ocrx_word' id='word_1_449' title='bbox 1147 5289 1194 5330; x_wconf 85' lang='lat' dir='ltr'><strong>MS.</strong></span> <span class='ocrx_word' id='word_1_450' title='bbox 1210 5287 1239 5331; x_wconf 87' lang='lat' dir='ltr'><strong>B.</strong></span> <span class='ocrx_word' id='word_1_451' title='bbox 1257 5311 1289 5317; x_wconf 98' lang='lat'>—</span> <span class='ocrx_word' id='word_1_452' title='bbox 1305 5285 1428 5334; x_wconf 88' lang='lat' dir='ltr'><strong>Donatio</strong></span> <span class='ocrx_word' id='word_1_453' title='bbox 1446 5284 1579 5334; x_wconf 85' lang='lat' dir='ltr'><strong>Constan-</strong></span> 
     </span>
     <span class='ocr_line' id='line_1_41' title="bbox 288 5367 1581 5439; baseline 0 -20"><span class='ocrx_word' id='word_1_454' title='bbox 288 5372 337 5422; x_wconf 85' lang='lat' dir='ltr'><strong>tini</strong></span> <span class='ocrx_word' id='word_1_455' title='bbox 355 5388 449 5439; x_wconf 79' lang='lat' dir='ltr'><strong>graece</strong></span> <span class='ocrx_word' id='word_1_456' title='bbox 468 5386 524 5421; x_wconf 92' lang='lat' dir='ltr'><strong>non</strong></span> <span class='ocrx_word' id='word_1_457' title='bbox 542 5376 629 5421; x_wconf 81' lang='lat' dir='ltr'><strong>extat.</strong></span> <span class='ocrx_word' id='word_1_458' title='bbox 659 5367 942 5436; x_wconf 71' lang='lat' dir='ltr'><strong>mnrp.3.4.[em·ot.]</strong></span> <span class='ocrx_word' id='word_1_459' title='bbox 1006 5368 1027 5401; x_wconf 76' lang='lat'><strong>¹⁷³</strong></span> <span class='ocrx_word' id='word_1_460' title='bbox 1044 5368 1107 5434; x_wconf 85' lang='lat' dir='ltr'><strong>riri]</strong></span> <span class='ocrx_word' id='word_1_461' title='bbox 1126 5370 1274 5419; x_wconf 87' lang='lat' dir='ltr'><strong>Laurentii</strong></span> <span class='ocrx_word' id='word_1_462' title='bbox 1292 5369 1390 5419; x_wconf 79' lang='lat' dir='ltr'><strong>Vallae.</strong></span> <span class='ocrx_word' id='word_1_463' title='bbox 1455 5367 1496 5434; x_wconf 86' lang='lat' dir='ltr'><strong>se]</strong></span> <span class='ocrx_word' id='word_1_464' title='bbox 1516 5372 1535 5420; x_wconf 88' lang='lat' dir='ltr'><strong>i.</strong></span> <span class='ocrx_word' id='word_1_465' title='bbox 1555 5387 1581 5419; x_wconf 90' lang='lat' dir='ltr'><strong>e.</strong></span> 
     </span>
     <span class='ocr_line' id='line_1_42' title="bbox 290 5452 1580 5523; baseline -0.003 -15"><span class='ocrx_word' id='word_1_466' title='bbox 290 5458 365 5521; x_wconf 76' lang='lat' dir='ltr'><strong>qiam</strong></span> <span class='ocrx_word' id='word_1_467' title='bbox 383 5458 445 5523; x_wconf 83' lang='lat' dir='ltr'><strong>ipse</strong></span> <span class='ocrx_word' id='word_1_468' title='bbox 465 5455 625 5508; x_wconf 63' lang='lat' dir='ltr'><strong>translator,</strong></span> <span class='ocrx_word' id='word_1_469' title='bbox 706 5456 912 5507; x_wconf 81' lang='lat' dir='ltr'><strong>Adsentebatur</strong></span> <span class='ocrx_word' id='word_1_470' title='bbox 926 5458 983 5508; x_wconf 83' lang='grc'><strong><em>1.2.</em></strong></span> <span class='ocrx_word' id='word_1_471' title='bbox 1018 5454 1295 5504; x_wconf 67' lang='lat' dir='ltr'><strong>adsentiebantur.</strong></span> <span class='ocrx_word' id='word_1_472' title='bbox 1314 5454 1386 5504; x_wconf 72' lang='lat' dir='ltr'><strong>Trea.</strong></span> <span class='ocrx_word' id='word_1_473' title='bbox 1456 5452 1478 5486; x_wconf 81' lang='lat'><strong>¹⁷</strong></span> <span class='ocrx_word' id='word_1_474' title='bbox 1495 5456 1580 5504; x_wconf 85' lang='lat' dir='ltr'><strong>Pseu·</strong></span> 
     </span>
     <span class='ocr_line' id='line_1_43' title="bbox 290 5540 1249 5608; baseline -0.003 -18"><span class='ocrx_word' id='word_1_475' title='bbox 290 5540 468 5608; x_wconf 82' lang='lat' dir='ltr'><strong>dopontiflces</strong></span> <span class='ocrx_word' id='word_1_476' title='bbox 488 5541 675 5607; x_wconf 81' lang='lat' dir='ltr'><strong>approbantes</strong></span> <span class='ocrx_word' id='word_1_477' title='bbox 694 5540 869 5591; x_wconf 80' lang='lat' dir='ltr'><strong>Constantini</strong></span> <span class='ocrx_word' id='word_1_478' title='bbox 888 5541 1075 5590; x_wconf 88' lang='lat' dir='ltr'><strong>donationem.</strong></span> <span class='ocrx_word' id='word_1_479' title='bbox 1094 5556 1173 5604; x_wconf 73' lang='lat' dir='ltr'><strong>marg.</strong></span> <span class='ocrx_word' id='word_1_480' title='bbox 1188 5542 1249 5591; x_wconf 68' lang='lat' dir='ltr'><strong>M.</strong></span> 
     </span>
    </p>
   </div>
   <div class='ocr_carea' id='block_1_4' title="bbox 0 0 1818 7045">
    <p class='ocr_par' dir='ltr' id='par_1_12' title="bbox 0 0 1818 7045">
     <span class='ocr_line' id='line_1_44' title="bbox 0 0 1818 7045; baseline 0 0"><span class='ocrx_word' id='word_1_481' title='bbox 0 0 1818 7045; x_wconf 95' lang='lat' dir='ltr'><strong> </strong></span> 
     </span>
    </p>
   </div>
  </div>
 </body>
</html>
