3625 7050
357 1205 466 1262 CXXX.
486 1221 589 1260 tassia
603 1223 666 1260 nor.
681 1223 717 1258 uo
731 1221 812 1262 αεττ,
827 1221 861 1258 nc
875 1219 970 1258 cnossi
984 1217 1059 1258 nono
1072 1219 1115 1258 ce.
1129 1220 1155 1258 o.
1168 1212 1202 1258 23.
1216 1219 1273 1258 ιη.
1291 1212 1349 1256 tolo.
1420 1185 1487 1264 281

213 1383 390 1459 precipuum
412 1383 478 1440 ciue
507 1382 684 1455 uoluptatem
709 1395 822 1454 ponere
845 1379 991 1438 uideatur.
1035 1377 1111 1436 Nam
1137 1395 1157 1436 a
1175 1380 1256 1454 pila,
1279 1381 1361 1452 alea,
1385 1379 1566 1439 clarescis.

213 1487 377 1561 naeoemsque
398 1483 525 1555 lusibus,
555 1482 659 1556 quidus
683 1483 786 1554 culpus
801 1496 963 1556 procerum
985 1483 1123 1556 temporis
1144 1481 1265 1540 inedium
1286 1484 1358 1541 solet
1375 1481 1497 1555 saliere,
1540 1538 1543 1546 .

213 1603 328 1648 rrorsns
346 1586 495 1646 abhorret.
539 1584 635 1643 Porro
655 1591 687 1641 ut
706 1585 902 1658 propriarum
924 1599 1026 1640 rerum
1050 1591 1094 1641 est
1115 1585 1323 1657 neqliqentior,
1351 1586 1393 1643 ita
1414 1599 1499 1645 nemo

213 1689 377 1764 iiquenlior
397 1691 428 1747 in
448 1674 594 1745 curandis
615 1686 777 1744 amicorum
796 1686 935 1757 nepociis.
982 1683 1060 1754 Ouid
1082 1681 1202 1749 multis?
1222 1687 1314 1758 siquis
1336 1686 1498 1746 absolutum

213 1806 285 1851 reroe
302 1791 443 1848 amicitia
460 1789 596 1861 requirat
617 1789 789 1860 exemplar,
811 1801 831 1843 a
853 1788 969 1844 riencine
989 1787 1098 1844 rectius
1113 1789 1236 1861 petierit
1253 1803 1342 1862 quam
1364 1806 1384 1847 u
1402 1787 1499 1848 Maro.

213 1890 241 1951 'n
262 1880 397 1951 conuictu
421 1897 481 1949 tam
505 1904 582 1946 rara
604 1890 726 1947 comitas
751 1903 789 1946 ac
815 1903 928 1947 morum
950 1890 1094 1955 sancitus,
1124 1895 1156 1946 ut
1177 1905 1261 1947 nemo
1284 1895 1343 1947 tam
1366 1892 1444 1949 tristi
1462 1894 1567 1950 suso·

213 1994 338 2070 nqeulo,
360 2008 444 2066 quem
467 2007 524 2049 non
547 1988 710 2060 exhilaret,
734 1991 818 2046 nulla
839 1995 966 2048 restam
984 1995 1087 2061 atrox,
1109 1993 1194 2049 cuius
1214 1990 1335 2049 leodium
1353 2009 1411 2051 non
1434 1993 1499 2052 dis-

213 2096 306 2154 mtiat.
350 2096 410 2152 iam
433 2093 503 2151 inde
524 2107 543 2148 a
563 2106 657 2164 puero
680 2092 724 2149 sic
746 2091 816 2148 iocis
837 2099 881 2148 est
903 2091 1079 2162 delectatus,
1106 2098 1138 2150 ut
1159 2093 1203 2150 ad
1223 2085 1275 2150 lios
1296 2099 1384 2152 natus
1406 2094 1503 2155 rideri

213 2187 315 2267 possit,
338 2195 393 2254 sed
414 2194 511 2279 inillis
535 2209 590 2251 nec
610 2191 653 2249 ad
673 2192 883 2249 scurrilitatem
907 2210 998 2266 usque
1014 2209 1194 2266 propressus
1216 2201 1271 2266 est,
1299 2212 1353 2255 nec
1374 2175 1501 2254 morda-

213 2299 324 2357 uiuum
347 2312 477 2370 unquam
500 2295 618 2353 amarit.
660 2292 830 2352 adolescens
851 2294 1040 2353 comoediolus
1061 2301 1090 2352 et
1107 2297 1228 2368 scripsit
1247 2303 1276 2355 cl
1295 2299 1371 2370 eqd,-
1396 2297 1503 2372 siquod

213 2397 317 2458 lictum
338 2404 413 2456 essct
433 2398 556 2466 salsius,
585 2396 673 2453 etiam
700 2396 731 2452 in
759 2396 854 2468 ipsum
877 2402 999 2467 tortum,
1029 2403 1125 2454 tamen
1149 2396 1282 2469 amabat,
1310 2400 1501 2473 usqueadeo

213 2498 318 2561 laudet
337 2498 448 2557 salidus
470 2499 586 2570 arqutis
605 2503 634 2554 el
653 2497 803 2569 inqenium
825 2497 1036 2568 redolentibus,
1058 2498 1136 2556 unde
1155 2500 1420 2572 etepiqrarnrnatis
1434 2503 1503 2559 lusit

213 2602 319 2660 uoeui's
339 2606 368 2659 el
381 2600 514 2658 Lucieno
534 2599 707 2672 cumprimis
727 2604 771 2655 est
791 2598 971 2665 delectatus,·
1002 2600 1072 2671 quin
1095 2606 1124 2657 ct
1142 2600 1228 2670 milei,
1253 2607 1286 2658 ut
1306 2601 1423 2660 diarius
1443 2620 1500 2661 eu-

213 2703 331 2760 tonium
347 2701 521 2772 scriberem,
543 2701 598 2759 icoc
617 2707 660 2759 est
681 2706 712 2756 nt
732 2702 862 2758 camelus
885 2702 1042 2771 saltarum,
1062 2700 1125 2773 fuit
1145 2707 1259 2760 auctor.
1303 2702 1385 2763 Nihil
1403 2702 1568 2763 oritoni-¹⁸·

213 2804 238 2862 in
259 2802 348 2862 rebus
369 2803 507 2862 numanis
527 2803 640 2862 obuium
661 2809 719 2873 est,
749 2804 828 2861 tende
849 2804 899 2861 illc
919 2818 976 2861 uon
1000 2812 1120 2861 certetur
1143 2805 1333 2878 voluptutem,
1360 2788 1448 2863 etiam
1470 2809 1501 2864 in

213 2904 295 2966 ’ebus
316 2907 447 2964 maxime
467 2907 569 2964 seriis:
601 2906 629 2962 si
648 2920 715 2962 cum
737 2905 862 2962 eruditis
881 2911 910 2962 et
931 2904 1062 2964 cordatis
1084 2922 1132 2963 res
1153 2913 1210 2976 est,
1234 2905 1397 2965 delectatur
1414 2909 1501 2980 inqe-

213 3009 272 3075 nio,·
301 3008 415 3066 sicum
435 3009 561 3066 indoctis
588 3023 626 3064 ac
654 3008 761 3075 stallis,
785 3004 904 3077 fruitur
930 3009 1048 3065 illorum
1075 3008 1222 3074 stulticiu,·
1259 3024 1315 3066 nec
1339 3007 1501 3081 offenditur

213 3107 399 3180 morionibus,
421 3110 500 3167 mira
521 3108 698 3167 dexteritate
720 3108 763 3165 ad
783 3109 911 3166 omnium
934 3107 1061 3180 affectus
1079 3125 1142 3168 sese
1161 3109 1396 3168 accommodans.
1430 3110 1570 3172 eumin.

213 3209 379 3269 mulieribus
397 3209 482 3282 sere,
507 3219 596 3285 qtque
617 3210 705 3267 eiiam
727 3225 793 3282 coqu
821 3224 917 3268 iecore
944 3226 1003 3267 non
1032 3212 1091 3295 nisi
1117 3213 1198 3270 Ιαεαε
1225 3212 1360 3285 iocosque
1388 3218 1503 3271 tractat.
1606 3232 1610 3257 ·

213 3310 333 3371 diceres
354 3313 481 3371 alterum
499 3310 648 3385 quendam
667 3327 730 3368 csse
749 3310 948 3370 Democritum
976 3319 1029 3370 aut
1049 3314 1149 3385 potius
1169 3313 1399 3387 Pqtliaporicum
1420 3316 1503 3373 illum

213 3413 413 3488 onitasopnum
435 3415 487 3486 qul
505 3429 614 3471 uacuus
639 3414 738 3469 animo
755 3428 814 3485 per
828 3421 990 3472 mercatum
1007 3414 1199 3472 obambulans
1215 3418 1430 3489 contemplatur
1452 3423 1503 3474 tu-

213 3517 316 3576 multus
344 3515 529 3575 vendentium
557 3521 645 3589 atque
671 3516 836 3573 ementium.
886 3532 971 3574 nemo
996 3519 1092 3574 minus
1118 3516 1240 3575 ducitur
1271 3518 1354 3590 vulpi
1383 3518 1502 3588 iudicio,

213 3617 262 3677 sed
286 3634 393 3675 rursus
421 3633 505 3676 nemo
526 3619 623 3674 minus
650 3616 731 3674 abest
757 3633 775 3672 α
803 3633 891 3675 sensu
918 3620 1074 3676 communi.
1118 3617 1280 3692 Pracrpuo
1302 3620 1348 3676 illi
1369 3620 1571 3693 uoluptasiao.

213 3725 251 3778 est
271 3725 408 3794 spectare
424 3718 558 3791 formas,
586 3719 707 3789 inqenia
729 3724 758 3776 et
775 3717 902 3790 affectus
930 3721 1113 3778 diuersorum
1135 3721 1347 3778 animantium:
1375 3721 1505 3794 proinde

213 3803 325 3880 nultum
349 3819 421 3892 ‘sere
444 3836 539 3893 penus
560 3826 603 3878 cst
626 3822 739 3891 arium,
768 3798 848 3894 q'uod
868 3804 1026 3878 dominon
1048 3821 1128 3886 alat‚·
1160 3821 1267 3893 siquod
1287 3821 1374 3878 alind
1392 3822 1507 3901 animal

213 3924 297 3996 rulqo
317 3938 438 3996 rarum,
468 3924 558 3981 ueluti
577 3924 678 3993 simia,
699 3924 816 3995 uulpes,
836 3922 970 3993 viverra,
995 3923 1118 3978 mustela
1139 3928 1168 3979 et
1187 3921 1233 3978 liis
1254 3923 1433 3991 consimilia,
1463 3922 1507 3978 ad

213 4025 275 4084 isac
293 4025 393 4099 siquid
411 4027 558 4083 exoticam
577 4030 630 4082 aut
656 4024 770 4096 ulioqni
789 4023 984 4095 spectandum
1006 4030 1160 4093 occurrat,
1188 4022 1356 4090 avidissime
1376 4025 1507 4081 mercuri

213 4130 296 4196 solet,⁸
328 4137 416 4201 atque
437 4126 483 4185 lu's
503 4126 592 4184 relius
611 4126 742 4198 undique
764 4125 882 4182 domum
902 4123 992 4181 nabet
1010 4125 1201 4198 instructam,
1226 4132 1422 4198 utnusquam
1446 4139 1504 4181 non

213 4231 247 4288 iit
272 4229 387 4288 obuium
417 4228 496 4301 quod
525 4229 624 4287 oculos
652 4227 880 4299 inqredientiurn
909 4226 1094 4293 demoretur,·
1128 4243 1166 4285 ac
1192 4228 1273 4286 toties
1303 4227 1360 4285 sior·
1384 4234 1507 4293 renouat

213 4332 401 4405 voluptatem,
428 4333 539 4403 quoties
564 4331 638 4387 alios
666 4331 810 4403 conspicit
835 4329 986 4388 oblectari.
1023 4330 1102 4386 'Cum
1129 4336 1204 4387 actas
1228 4327 1342 4404 ferret,
1370 4346 1427 4388 non
1447 4330 1574 4393 aii-§.nn

213 4433 327 4492 norrun
348 4447 368 4489 a
386 4434 557 4505 puellarum
580 4431 743 4502 amoribus,
769 4431 823 4489 sed
842 4433 921 4488 citra
943 4430 1102 4503 infamiam
1124 4440 1152 4489 et
1169 4433 1213 4490 sic
1234 4438 1266 4489 ut
1286 4430 1391 4489 oblatis
1411 4434 1507 4504 muqis

213 4532 366 4594 frueretur
392 4549 482 4607 quam
510 4535 653 4610 captatis,
687 4540 716 4591 el
741 4534 841 4590 uniimo
867 4541 967 4591 niretuo
994 4538 1154 4606 caperetur
1176 4535 1391 4607 potiusquam
1418 4536 1506 4593 coitu.

213 4634 439 4718 Bonastlilerus
467 4650 486 4690 a
509 4636 619 4708 primis
641 4636 738 4692 statim
760 4636 848 4692 aurcis
869 4634 1028 4691 hauserat:
1062 4635 1174 4692 iuuenis
1195 4634 1238 4691 ad
1260 4613 1383 4692 Graecas
1403 4636 1577 4703 literassm.

213 4754 247 4798 nc
267 4737 468 4813 philosophice
494 4737 623 4794 studium
650 4751 712 4794 sese
740 4736 900 4810 applicuit,
932 4736 1007 4793 adeo
1040 4751 1098 4793 non
1126 4736 1289 4808 opitulante
1312 4740 1418 4807 patre,
1444 4737 1508 4793 oiro

213 4840 324 4913 alioqui
344 4839 492 4913 prudenti
512 4837 681 4912 proboque,
711 4843 743 4895 ut
762 4853 799 4895 ea
827 4842 981 4895 conantem
1006 4838 1087 4895 omni
1111 4835 1241 4893 subsidio
1263 4834 1445 4906 destitueret,
1471 4852 1508 4893 oe

213 4957 284 5000 oeric
306 4955 369 5015 pro
394 4939 533 5000 abdicato
560 4940 695 5010 irrideret,
722 4940 802 5012 quod
828 4954 847 4995 a
870 4939 982 5011 patriis
1009 4937 1115 4995 studiis
1147 4936 1312 4994 desciscere
1341 4937 1507 4995 uideretur:

213 5058 279 5102 iam
305 5044 331 5100 is
354 5039 602 5101 Britannicarum
626 5043 724 5114 lequm
747 5041 887 5112 peritiam
911 5040 1082 5112 profitetur,
1113 5055 1180 5110 quu'
1195 5036 1347 5111 professio
1370 5044 1401 5096 ut
1419 5044 1463 5096 est
1485 5054 1575 5106 asos.

213 5145 286 5203 reris
310 5144 403 5202 literis
429 5144 631 5215 alienissima,
662 5145 704 5200 ita
733 5140 819 5214 apud
844 5139 1008 5199 Britannos
1035 5141 1208 5211 cumprimis
1231 5138 1378 5198 habentur
1405 5142 1508 5213 maqui

213 5246 345 5319 clarique
369 5246 423 5317 qui
447 5246 479 5303 in
506 5245 561 5305 lcoc
586 5259 696 5318 qenere
717 5242 775 5301 siai
796 5249 952 5315 pararunt
972 5242 1194 5310 auctoritatem·
1221 5256 1275 5299 nec
1297 5248 1405 5299 temere
1423 5240 1510 5314 apud

275 5461 414 5529 ΙοΙιεηία]
431 5464 637 5514 GermKarten.
682 5462 866 5512 οῐααεαιοῚ.
919 5457 939 5490 ¹¹
953 5460 1055 5509 salsius
1068 5475 1115 5508 om.
1131 5461 1155 5507 1.
1204 5456 1508 5524 '‘Proverb.ap.}1io-

213 5566 263 5602 on.
277 5549 313 5600 de
326 5565 403 5616 perp.
417 5550 487 5615 virg.
499 5546 536 5597 18.
550 5549 588 5597 11.
601 5545 694 5614 peno.
731 5544 750 5577 ¹¹
766 5544 949 5596 obambulans
962 5549 1021 5604 M.
1058 5543 1246 5595 ”privernum
1281 5542 1304 5576 ⁸⁸
1316 5543 1435 5595 habetur
1448 5546 1507 5596 7.8.
