3625 7050
254 1193 327 1264 2lll
397 1205 453 1255 XC.
475 1221 597 1256 uvrrasr
610 1221 646 1254 an
660 1221 771 1254 mucan.
786 1221 828 1254 ar.
842 1220 916 1255 riam
931 1219 988 1259 areu
1002 1219 1064 1253 nar.
1079 1219 1161 1253 naun.
1175 1219 1201 1253 n.
1213 1213 1247 1252 tn.
1260 1221 1320 1254 oer.
1335 1212 1392 1252 tots,

1043 1278 1051 1300 Ι

255 1378 352 1436 orium
374 1376 490 1435 sinistre
513 1374 610 1434 roleut
631 1374 833 1451 interpretari,
854 1375 876 1432 si
898 1391 1048 1451 capessam
1068 1380 1135 1432 aute
1157 1382 1288 1449 tempus:
1312 1392 1395 1440 rum,
1418 1372 1550 1431 etiamsi

256 1479 407 1555 quiescere
426 1477 587 1542 instituam,
609 1476 636 1534 id
654 1473 753 1534 multis
768 1476 803 1534 alre
826 1477 935 1543 musis,
958 1493 1082 1553 apiarum
1105 1475 1155 1534 itui
1172 1476 1216 1533 riu
1236 1476 1329 1551 capita
1347 1473 1481 1551 exposui,
1504 1473 1549 1530 rix

187 1576 527 1640 §.sanomenrrrlaturaur
544 1576 614 1642 leri,
639 1595 697 1634 uon
717 1578 836 1654 possim.
877 1579 938 1652 Age
957 1594 1026 1635 reru
1046 1576 1215 1640 rorrsidera.
1239 1577 1278 1634 mi
1296 1573 1454 1637 Bittuatue.
1480 1573 1549 1652 quid

254 1680 342 1740 alienu
366 1677 507 1755 aliquem,
534 1683 562 1736 et
581 1695 628 1736 uro
648 1677 718 1755 quid
741 1678 858 1737 alerent:
888 1680 945 1737 iam
969 1678 1039 1736 illud
1062 1678 1182 1737 Senecae
1203 1696 1289 1756 quam
1314 1695 1374 1736 uon
1396 1674 1550 1751 rregligen·

255 1782 339 1840 dum:
365 1780 410 1839 ‘Et
432 1777 600 1857 quieseeuti’
621 1780 715 1855 inquit
737 1779 908 1855 ‘agerulunn
932 1787 961 1838 et
981 1781 1078 1854 agenti
1100 1777 1328 1857 quiescendum'.
1371 1795 1464 1857 porro
1484 1777 1571 1854 quiss

256 1882 322 1942 relit
341 1881 397 1940 hoo
419 1887 552 1957 tempore
575 1881 680 1939 imitari
708 1887 821 1938 reterns
850 1879 914 1939 illos
939 1881 1052 1940 Stoicos
1073 1899 1089 1939 a
1112 1898 1213 1939 rerum
1235 1879 1348 1939 actibus
1371 1886 1548 1956 tauquama

256 1986 320 2043 ritae
340 1983 465 2061 quadam
486 1989 567 2059 peste
588 1981 781 2056 relugieutes
810 1989 842 2041 ut
869 1999 900 2039 se
925 1983 952 2040 in
980 1982 1157 2059 profundam
1181 1981 1259 2041 illam
1283 1989 1313 2040 et
1334 1979 1548 2040 infructuosam

195 2079 201 2097 '
257 2089 383 2166 quietem
398 2103 457 2144 uou
476 2082 636 2143 aliseoudat
655 2089 776 2149 tantum,
792 2081 842 2141 sed
862 2081 990 2142 defodiat
1009 2084 1113 2143 etiarn?
1127 2090 1179 2142 aut
1199 2101 1265 2142 orriri
1286 2080 1465 2161 quilmsdam
1483 2097 1548 2137 sen·

188 2189 312 2253 §.ordire
333 2188 398 2265 quis
420 2190 518 2263 posset
541 2186 617 2243 etr-ea
641 2181 833 2262 plrilusnplrirn
856 2184 984 2243 studium
1012 2184 1223 2244 insanientibus
1246 2184 1377 2263 Cynicis?
1403 2182 1546 2242 Praeterea

255 2296 298 2347 tot
319 2289 448 2346 omnium
472 2286 609 2345 ordinum
633 2286 749 2362 optimus
768 2287 830 2361 spei
852 2286 972 2344 iuvenes
994 2285 1121 2364 aequales
1144 2304 1226 2344 ineos
1244 2286 1323 2345 eirea
1345 2283 1450 2359 gloria
1472 2300 1576 2360 qua-u

255 2397 333 2449 stum
356 2388 500 2448 tlosrulare
523 2405 590 2445 rum
613 2386 711 2444 rirlras
729 2393 757 2445 et
777 2388 873 2465 ipsum
895 2393 925 2445 le
948 2386 1019 2446 milri
1039 2386 1173 2464 exemplo
1201 2388 1331 2465 praeiisse
1357 2388 1448 2451 srias.
1478 2385 1547 2444 adeo

258 2491 388 2550 lerinum
410 2508 473 2548 esse
493 2486 621 2555 iulrelriS,
645 2493 677 2545 ut
696 2487 776 2547 nullo
790 2494 819 2546 et.
841 2490 902 2566 ipse
920 2488 1103 2549 emulationis
1121 2488 1217 2548 studio
1240 2497 1355 2555 tenear,
1379 2486 1461 2547 urrlla
1477 2503 1546 2544 verra

189 2611 247 2660 aas.
259 2593 351 2653 larnlis
373 2590 556 2650 affectatione
576 2589 699 2647 inciter?
717 2588 801 2648 'lenm
823 2592 876 2652 ista
899 2596 947 2650 tua
972 2589 1084 2648 erudita
1107 2590 1333 2649 communitione
1353 2590 1396 2650 uti
1411 2586 1545 2652 ‹lelrelras

257 2712 324 2753 earm
351 2709 444 2751 anuos
465 2695 599 2765 agerrtem
623 2690 651 2746 iu
672 2689 751 2749 ltalia
774 2709 867 2770 prope
886 2697 1012 2769 quatuor
1030 2710 1064 2749 ae
1079 2708 1184 2767 magna
1205 2692 1367 2750 reotinrum
1386 2689 1546 2750 studiorum

257 2798 368 2856 iactura
383 2792 593 2852 deerusiaruun
617 2789 803 2869 alrsprtlrium
824 2799 1030 2871 perpotautem
1052 2792 1179 2872 perdere
1200 2798 1318 2869 tempus
1339 2791 1465 2852 rideres.
1500 2788 1574 2849 sedis

258 2905 328 2955 tuuc
348 2913 407 2954 nrm
430 2894 472 2952 sie
500 2910 603 2960 ueras,
641 2892 771 2951 uondmu
798 2892 971 2954 tauriliarem
1000 2893 1145 2955 lralrelras:
1175 2893 1546 2956 admitto'exerrsationem.

258 3016 292 3056 ac
313 3005 341 3056 to
366 2995 476 3054 erroris
496 2995 596 3059 titiam,
620 2992 728 3052 nedum
753 2993 861 3072 errlpae,
886 2994 1020 3063 absolvo,
1042 2995 1097 3054 lrao
1119 2994 1183 3071 lege
1201 3001 1232 3054 ut
1246 3002 1277 3054 tu
1294 2995 1330 3055 ad
1352 3014 1450 3056 meam
1470 2996 1547 3054 rie-is·

258 3099 312 3156 sim
336 3095 539 3161 ambitionem,
560 3113 655 3154 meam
672 3095 822 3155 stultitiam
839 3099 1011 3164 comunes
1035 3104 1063 3155 et
1086 3095 1129 3157 rel
1147 3096 1257 3175 aliquot
1277 3115 1372 3156 annos
1386 3096 1466 3156 lrane
1484 3095 1547 3155 ruihi

259 3197 396 3259 uterulam
419 3196 514 3256 aulam
539 3198 703 3273 aminnias,
732 3216 749 3257 a
777 3198 860 3257 euius
890 3198 983 3277 adytis
1004 3207 1144 3277 tauquam
1165 3199 1322 3259 interdicto
1344 3201 1382 3258 ita
1403 3217 1452 3258 rue
1474 3215 1548 3256 stiur·

191 3318 368 3374 §.somores
391 3298 508 3369 .Queru
532 3305 613 3356 turun
643 3299 772 3373 rigorem
800 3301 934 3375 mitigare
961 3318 1060 3378 quaeso
1090 3299 1168 3359 reiis.
1211 3308 1296 3361 r-aute
1318 3299 1455 3360 tractabo
1477 3297 1610 3358 lranerrn

259 3401 471 3466 eorrditiouem,
502 3418 539 3457 ue
566 3398 682 3467 dulrita,
715 3401 757 3459 sie
784 3400 976 3468 arlseeudam,
1012 3400 1084 3460 nulli
1113 3409 1145 3461 ut
1172 3420 1220 3460 me
1249 3403 1413 3480 praeripitio
1442 3408 1549 3459 temere

260 3504 453 3570 committam,
476 3499 520 3561 rel
544 3502 628 3560 etiam
653 3502 681 3560 iu
702 3500 789 3581 plano
812 3502 966 3573 versabam
987 3521 1052 3581 quen
1068 3504 1208 3565 tutissima
1223 3511 1281 3571 est,
1306 3505 1385 3563 inea
1407 3521 1456 3563 me
1471 3508 1550 3581 parte

259 3614 401 3683 ‹prautum
425 3604 487 3661 lieri
510 3604 614 3679 poterit
638 3603 804 3663 euritiuelro.
846 3604 887 3664 lta
907 3606 965 3665 iam
985 3605 1098 3665 lirmari
1119 3624 1180 3672 me,
1210 3606 1247 3665 ita
1271 3606 1462 3665 communiri.
1506 3602 1552 3662 lis

259 3705 415 3780 uragnitree
437 3702 544 3781 aliquid
567 3704 669 3762 audire
697 3684 800 3764 etlam?
829 3723 997 3784 quanquam
1024 3713 1057 3765 ut
1086 3725 1146 3766 uon
1174 3706 1259 3774 velis,
1287 3707 1399 3772 dicam:
1426 3707 1481 3765 ista
1506 3712 1551 3765 tua

260 3824 382 3887 spritum
403 3803 523 3881 epistula
539 3804 622 3864 larile
643 3807 739 3865 omnia
756 3826 824 3866 eum
837 3814 1013 3885 extorqueas
1033 3808 1116 3874 milri,
1142 3806 1255 3868 ‘diram'
1278 3810 1339 3869 ain:
1360 3826 1422 3867 rtur)
1437 3806 1610 3868 andernes

261 3927 317 3984 que
340 3915 472 3984 ternpore
495 3914 524 3964 et
545 3906 621 3966 lado
643 3907 771 3967 honores
794 3915 822 3968 et
844 3910 926 3987 sequi
951 3927 1036 3986 posse
1063 3909 1162 3969 rideur
1185 3918 1214 3969 et
1236 3917 1443 3969 oonteumere:
1465 3907 1553 3968 habes

193 4026 424 4082 quarumnam:
454 4007 524 4066 uilril
545 4015 644 4068 restat.
692 4009 746 4068 Ubi
769 4011 822 4070 isto
844 4009 1030 4078 efferbuerit,
1059 4029 1118 4089 quo
1140 4031 1188 4071 me
1209 4013 1335 4086 llagrare
1356 4019 1429 4072 astu
1451 4008 1552 4071 iutelli-

260 4112 320 4186 gis,
354 4128 388 4168 ao
416 4108 493 4167 illam
523 4126 593 4184 ego,
622 4128 711 4188 quarn
742 4113 827 4170 toties
854 4130 1002 4176 altomuro,
1034 4115 1238 4173 necessitatem
1266 4121 1468 4193 prosequutus
1487 4114 1553 4172 satis

261 4211 345 4270 luero
365 4217 393 4269 et
414 4212 471 4269 iam
492 4209 598 4288 aliquid
622 4220 775 4287 peractum
799 4214 883 4291 erit„
900 4232 959 4292 quo
987 4232 1033 4273 me
1063 4215 1166 4274 vixisse
1193 4222 1330 4276 testatum
1359 4233 1425 4275 esse
1455 4214 1551 4292 possit.

262 4319 331 4370 tunc
350 4312 379 4370 in
409 4310 561 4379 lroruinum
590 4310 765 4373 oblivionem
794 4322 822 4373 te
850 4332 972 4374 suasore
1001 4314 1189 4381 «incumbam.
1213 4324 1284 4376 tuus
1312 4318 1457 4395 quietern,
1487 4324 1577 4376 tune:
1605 4337 1609 4364 s

261 4411 425 4471 volentibus
447 4412 501 4472 diis
526 4412 714 4490 tramprillum
739 4416 834 4492 ipsum
857 4423 1007 4495 apqutam:
1038 4422 1107 4477 tune
1131 4419 1159 4476 in
1189 4418 1315 4498 aliquem
1344 4437 1392 4477 me
1415 4417 1551 4494 angulmu
1593 4433 1610 4473 ι

241 4515 435 4593 ¹proripiant,
459 4515 487 4573 iu
507 4513 633 4592 aliquem
656 4515 827 4576 anstrudam
848 4516 1064 4596 tranquillitatis
1086 4537 1223 4596 specum,
1252 4520 1329 4579 uude
1350 4520 1380 4578 iu
1404 4519 1550 4583 lronrinum
1578 4534 1609 4575 ι

261 4633 348 4675 curas
366 4634 398 4672 ar
420 4617 540 4691 nugaria
563 4618 756 4694 prospiciam,
786 4626 815 4677 et
845 4620 915 4677 istos
942 4627 1041 4679 tecum
1063 4621 1175 4680 rideam
1199 4620 1275 4680 lastu
1299 4629 1328 4680 et
1349 4621 1489 4699 superbia
1510 4629 1550 4677 tu-
1563 4650 1606 4662 ·

262 4751 464 4760 ———...

325 4834 336 4866 ³
354 4836 592 4885 nomenclaturam
613 4839 685 4886 tmd.
756 4835 767 4869 ⁴
785 4835 911 4902 Seuoeoe]
926 4840 1007 4903 epist.
1022 4839 1043 4888 Ι.
1052 4838 1076 4889 3.
1085 4841 1102 4889 i.
1112 4839 1131 4888 f.
1143 4855 1157 4870 ⁶
1184 4840 1195 4872 ⁸
1213 4840 1379 4904 quibusdam
1387 4841 1453 4903 feeit
1473 4841 1506 4890 11.
1518 4855 1609 4888 ear.

260 4920 316 4970 illis
334 4922 393 4970 edd.
462 4918 473 4950 ⁹
497 4918 647 4971 inlauidtes
666 4921 786 4984 Cynicos
800 4923 833 4970 A.
849 4924 874 4969 3.
893 4939 998 4972 cornea.
1012 4925 1048 4972 Il.
1120 4922 1139 4955 ¹¹
1163 4924 1223 4989 ipse
1244 4928 1267 4974 6.
1292 4942 1328 4974 ω)
1346 4927 1457 4975 liuttent
1476 4940 1610 4973 emen·-

260 5007 363 5054 datione
382 5022 439 5069 quae
456 5006 502 5087 lqaep
525 5023 574 5054 non
595 5009 720 5071 pertinet,
743 5008 792 5055 sed
813 5008 849 5055 od
864 5022 972 5072 sequens
990 5009 1112 5056 editorum
1130 5008 1227 5071 ipsum.
1287 5006 1308 5040 ¹¹
1326 4997 1425 5058 torr'eur
1439 5011 1500 5072 serit
1517 5007 1610 5056 ltu

261 5106 295 5138 ea
313 5090 403 5138 teneri
421 5090 480 5138 edd.
527 5088 571 5126 -¹³
590 5091 692 5141 inciter
709 5091 773 5152 feeit
790 5091 826 5138 II.
840 5107 876 5140 ea
893 5092 1007 5140 incitari
1026 5091 1102 5141 voles
1118 5094 1250 5142 edituram.
1322 5091 1343 5124 ¹⁵
1360 5096 1473 5158 potante
1485 5094 1516 5141 A.
1527 5107 1589 5139 c,

260 5189 316 5238 sqq.
335 5175 403 5237 perard
414 5174 450 5222 II.
463 5191 533 5223 errrr.
552 5180 651 5239 perpot
688 5176 754 5224 aride
773 5180 907 5238 perpetuo
926 5181 1069 5240 potuntnrrr
1088 5178 1158 5225 dedit
1177 5180 1220 5242 qui
1235 5182 1435 5242 perpetuoqipse
1449 5176 1609 5243 potul*

261 5263 317 5308 olim
331 5261 355 5306 o.
376 5257 412 5306 cf.
425 5274 451 5322 p.
467 5257 522 5307 175.
588 5257 608 5289 ¹⁷
626 5258 679 5307 hue
697 5258 760 5324 lege
779 5261 838 5307 eriri.
852 5263 934 5309 (turias.
948 5262 1036 5310 ndrtid.
1051 5262 1086 5309 H.
1157 5259 1178 5293 ¹⁹
1196 5264 1407 5327 peruenisse.
1471 5260 1492 5291 ²²
1508 5276 1584 5309 rr*

262 5343 347 5392 etiam
364 5348 447 5391 emtor.
460 5345 519 5394 edd.
532 5343 620 5391 (addid.
634 5344 670 5392 H.
682 5347 734 5391 sir:
753 5342 782 5391 ..l
801 5339 870 5391 sitiri.
923 5342 946 5375 ²³
965 5346 1187 5396 commeminit.
1241 5344 1264 5377 ²⁵
1281 5340 1610 5412 sinceriori-sqq!-

261 5443 365 5477 eorrex.
379 5441 506 5489 syncera.
559 5422 581 5455 ¹¹
600 5426 688 5475 .Nilril
706 5443 775 5477 corr.
789 5428 826 5476 ll.
879 5425 901 5460 ²¹
920 5428 1049 5496 memoro]
1069 5436 1190 5481 retracto
1204 5432 1238 5481 A.
1250 5448 1306 5498 sqq.
1321 5432 1358 5482 II.
1371 5448 1439 5483 corr.
1453 5437 1610 5481 ...ωο-

261 5513 357 5563 undet
375 5526 449 5561 moro
464 5513 536 5574 feeit.
589 5508 611 5541 ¹¹
629 5513 788 5579 praeripiam
801 5514 874 5568 tmt.
