3625 7050
316 1164 390 1239 280
466 1176 575 1230 CXXX.
595 1191 697 1229 suasus
713 1191 775 1228 ιιοτ.
790 1191 826 1229 sn
839 1192 922 1228 surr.
937 1193 972 1229 ns
986 1192 1081 1230 'raons
1095 1193 1170 1230 nono
1183 1193 1226 1229 ss.
1240 1192 1268 1229 o.
1279 1183 1315 1230 2³.
1329 1192 1388 1230 svs.
1404 1184 1461 1228 isto.

258 1364 303 1416 ib·
311 1358 466 1416 senectute.
509 1349 660 1408 Neminem
685 1348 785 1409 adbree
810 1349 872 1409 nidi
894 1352 991 1411 minis
1018 1367 1164 1411 morosum
1192 1353 1223 1410 in
1243 1352 1359 1411 delectu
1382 1350 1522 1412 ciborum.
1577 1360 1609 1420 al

314 1457 468 1517 iuuenilem
498 1468 589 1526 usque
618 1459 732 1510 atatem
761 1469 850 1527 aquae
873 1460 948 1527 potu
976 1455 1138 1513 delectatus
1162 1463 1223 1522 est,·
1256 1454 1290 1512 id
1315 1455 1363 1513 illi
1382 1455 1516 1528 patrium
1544 1456 1603 1528 suit.

318 1573 419 1617 oerum
440 1555 499 1614 bae
521 1556 551 1612 in
572 1570 606 1612 re
625 1570 662 1612 ne
682 1556 733 1613 cui
749 1557 886 1614 molestus
906 1561 994 1626 esset,
1020 1555 1151 1628 fallebat
1170 1558 1309 1615 conuiuas
1328 1573 1345 1615 ε
1365 1563 1488 1616 stannea
1506 1565 1601 1631 poculo

315 1660 471 1721 cervisiam
491 1655 598 1726 bibens,
614 1671 738 1728 eamque
759 1673 847 1730 aqua
863 1659 1052 1731 proximam,
1072 1656 1250 1731 frequenter
1271 1674 1382 1732 aquam
1392 1674 1518 1721 aarum.
1558 1663 1597 1721 t'l

317 1777 395 1833 aum,
417 1760 556 1833 quoniam
573 1758 635 1815 illie
654 1773 715 1815 mos
734 1765 777 1816 est
797 1760 841 1817 ad
861 1760 938 1817 idem
957 1762 1096 1833 poculum
1117 1760 1240 1818 vicissim
1260 1761 1388 1818 inuitare
1406 1776 1481 1830 sese,
1501 1777 1608 1821 summos

317 1880 368 1922 ore
388 1874 599 1934 nonnunquam
627 1858 752 1932 libabat,
781 1877 818 1919 ne
844 1878 970 1935 prorsus
999 1861 1162 1920 abliorrere
1189 1863 1354 1934 uideretur,
1381 1863 1469 1919 simul
1494 1867 1524 1918 ut
1545 1865 1592 1937 inse

204 1947 211 1961 ⁶
250 1960 622 2025 §.recommendamus
643 1970 832 2021 assuesceret.
871 1964 1016 2022 carnibus
1037 1964 1165 2036 bubalis,
1188 1964 1389 2035 salsamentis,
1407 1979 1489 2039 pane
1503 1980 1588 2022 uesa-

319 2067 407 2127 dario
425 2082 462 2124 ae
484 2063 666 2122 veliementer
690 2058 872 2136 fermentata
898 2065 1035 2125 libentius
1064 2066 1234 2125 vescebatur
1259 2081 1349 2138 quam
1377 2065 1425 2124 leis
1447 2065 1514 2124 cibis
1534 2080 1587 2138 oms

319 2169 425 2240 e’nlous
446 2165 534 2223 babet
551 2167 581 2222 in
606 2166 734 2237 deliciis,
757 2168 870 2240 alioqui
888 2170 1059 2241 neutiquam
1077 2168 1242 2227 abhorrens
1263 2167 1301 2225 ab
1322 2166 1456 2226 omnibus
1473 2183 1531 2241 aue
1546 2181 1585 2223 ιο-

319 2272 461 2343 luptotem
483 2268 636 2324 innoxiam
656 2267 803 2339 adserunt
822 2269 912 2326 edam
934 2272 1072 2342 corpori:
1103 2271 1297 2329 laetaniarum
1318 2275 1348 2326 et
1367 2284 1469 2328 eorum
1485 2266 1608 2339 satmasn

322 2372 374 2444 bui
391 2375 556 2428 irascuntur
575 2371 604 2427 in
628 2370 797 2441 arboribus,
819 2383 936 2445 semper
954 2370 1018 2443 suit
1038 2374 1239 2445 appetentior:
1269 2386 1350 2429 esum
1369 2358 1487 2429 otiorum
1503 2372 1528 2427 in
1543 2367 1583 2426 de-

254 2480 312 2530 §.¹1.
322 2473 399 2531 liciis
421 2470 515 2528 babet.
569 2468 634 2528 Vox
655 2464 749 2544 neque
771 2471 901 2544 prandis
924 2480 1042 2532 estnec
1064 2474 1224 2532 admodum
1244 2475 1350 2544 exitis,
1371 2473 1427 2531 sed
1441 2461 1584 2546 pausania

317 2578 455 2648 penetret
478 2587 583 2642 aures,
612 2573 688 2631 nibil
712 2573 823 2632 babens
850 2589 995 2632 εοιιονιινι
1016 2591 1054 2635 ae
1074 2577 1175 2651 molle,
1203 2576 1258 2634 sed
1277 2551 1375 2648 plane
1395 2575 1527 2649 loquentis
1541 2575 1584 2629 at:

322 2691 392 2734 nam
415 2674 458 2733 ad
477 2676 619 2731 musicam
642 2677 771 2733 vocalem
793 2692 812 2733 a
834 2681 947 2733 natura
967 2693 1026 2735 non
1053 2677 1169 2736 uidetur
1196 2692 1259 2736 esse
1286 2677 1475 2758 eorppositns,
1500 2669 1586 2732 enema

322 2778 487 2835 delectatur
501 2777 582 2834 omni
594 2778 719 2835 musices
734 2793 853 2849 ponere.
886 2777 1005 2850 Linpua
1022 2780 1096 2836 mire
1110 2781 1276 2851 explanata
1291 2779 1516 2851 articulataque,
1531 2770 1607 2832 sals

256 2879 435 2936 §.miraberis
455 2894 510 2935 nee
533 2893 673 2951 preceps
694 2895 749 2938 nee
770 2879 921 2937 boesitaas.
966 2878 1051 2937 Culta
1079 2881 1210 2952 simplici
1233 2880 1413 2950 delectatur,
1438 2895 1491 2937 nee
1510 2872 1586 2935 serict'i

319 2995 499 3054 purpurave
522 2984 575 3036 aret
601 2983 714 3039 catenis
741 2981 843 3038 aureis
870 2983 976 3051 utitur,
1005 2982 1065 3039 nisi
1087 2997 1155 3039 cum
1181 2983 1327 3052 inteprum
1350 2995 1409 3038 non
1429 2986 1472 3038 est
1492 2987 1585 3052 ponent·

232 3136 234 3141 ,
324 3082 412 3140 bleta
439 3081 546 3138 mirum
572 3096 661 3154 qaam
688 3084 840 3155 rrealiaens
865 3084 903 3139 sil
928 3084 1178 3153 ceremoniarum,
1205 3083 1311 3156 auibus
1339 3082 1487 3140 bammum
1510 3079 1587 3150 adali

325 3184 451 3241 aestimat
470 3197 584 3241 amram
605 3184 789 3242 civilitatem:
821 3185 876 3242 bees
898 3191 969 3242 uta
994 3186 1109 3242 aeneiae
1135 3186 1243 3256 ancipit,
1275 3186 1317 3241 ita
1346 3185 1416 3242 aliis
1442 3198 1497 3240 non
1519 3175 1587 3237 ansb

229 3338 233 3345 ,
322 3292 464 3359 praseae,
486 3300 540 3343 nec
561 3285 592 3342 in
614 3286 819 3358 eorepressibus
840 3303 895 3344 nee
915 3288 945 3344 in
965 3287 1118 3356 conuiuiis,
1136 3287 1204 3344 lieet
1224 3285 1333 3343 barum
1355 3301 1414 3343 nan
1431 3286 1469 3343 sil
1484 3285 1609 3357 insulsi·

325 3388 353 3444 si
372 3386 471 3444 lubeat
489 3387 549 3444 uti:
584 3386 638 3444 sed
657 3387 798 3445 muliebre
818 3395 905 3461 putat
930 3390 1049 3460 viroque
1071 3388 1227 3458 indianum
1254 3386 1400 3444 eiusmodi
1425 3385 1531 3459 ineptiis
1548 3378 1587 3437 bt·

257 3496 397 3547 ioariam
418 3490 556 3563 temporis
572 3494 691 3562 partem
713 3488 876 3548 absumere.
921 3490 965 3548 Ab
987 3491 1059 3547 aetla
1071 3490 1303 3563 prinseipumque
1321 3486 1524 3560 familiaritate
1538 3479 1588 3541 dis

322 3589 385 3662 suit
406 3592 547 3660 alienior,
576 3591 657 3664 qaod
677 3593 722 3649 illi
741 3608 858 3665 semper
876 3593 1074 3666 peculiariter
1096 3592 1191 3648 iamsa
1217 3590 1316 3663 suerit
1335 3591 1486 3665 mranra's,
1510 3595 1585 3660 aab*

326 3692 485 3750 admodum
508 3693 665 3765 (equalitas
683 3694 873 3764 acutissima:
903 3696 954 3750 eia
976 3700 1073 3750 aretem
1095 3694 1232 3765 reperias
1251 3694 1343 3750 ullam
1364 3694 1466 3750 aulam
1480 3695 1588 3748 tamne·

326 3794 455 3864 destam,
483 3809 550 3866 ques
573 3809 630 3851 non
653 3797 775 3852 mullum
797 3794 906 3852 babeat
927 3797 1065 3868 strepitus
1087 3801 1176 3868 atque
1196 3793 1376 3864 ambitionis,
1402 3794 1517 3873 multum
1531 3780 1609 3860 [aaa

326 3897 448 3952 multum
469 3897 575 3966 letaris,
597 3912 721 3970 quoeqeee
737 3886 866 3969 prorsus
889 3896 965 3954 absit
985 3896 1023 3953 ab
1045 3897 1126 3953 omni
1144 3897 1243 3969 specie
1259 3895 1447 3969 tyrannidis:
1478 3893 1537 3967 oda
1550 3895 1588 3943 lli

327 4000 358 4055 in
375 3997 501 4055 llenrlci
515 3999 612 4055 octoni
630 4000 732 4055 eculeum
743 3997 885 4071 pertrahi
900 4000 1009 4071 potnit,
1035 3998 1094 4054 nisi
1110 3998 1199 4055 metito
1215 3998 1351 4068 neaoeia,
1373 4013 1441 4054 ctam
1458 3996 1508 4053 boc
1521 3989 1587 4067 μή*

258 4098 594 4172 §.1⁴.crpene'eoptari
616 4102 774 4172 quicquam
797 4101 891 4172 possit
919 4101 1034 4157 ciuilius
1061 4115 1099 4155 ac
1124 4098 1290 4156 modestius.
1335 4097 1454 4156 Natura
1479 4083 1588 4153 timasi

328 4208 415 4273 alque
436 4202 494 4258 ocii
513 4206 556 4258 est
576 4200 708 4262 acidiam·
739 4201 793 4258 sed
813 4200 1061 4274 quemadmodum
1088 4202 1151 4257 ocio
1177 4215 1244 4257 cum
1273 4199 1366 4257 datur
1393 4199 1493 4258 labem
1516 4194 1588 4253 uam

259 4292 383 4370 insitii,
404 4303 514 4373 ascolias
533 4303 629 4373 poscit
647 4319 709 4372 res,
728 4319 812 4361 nemo
833 4303 1005 4374 oipilaatior
1026 4310 1079 4359 aut
1096 4303 1267 4375 patientior.
1299 4300 1342 4358 ad
1357 4302 1513 4358 amicitiam
1526 4298 1610 4354 mibi

322 4401 484 4474 factosque
509 4402 639 4472 uidetur,
670 4405 754 4461 cuites
774 4412 804 4463 et
828 4406 1053 4478 syncerissimus
1081 4411 1125 4462 est
1145 4405 1241 4462 cultor
1261 4410 1289 4461 et
1309 4405 1396 4475 lonae
1421 4398 1590 4460 tenuassinb

325 4510 385 4571 est,·
414 4520 469 4561 nee
488 4505 536 4562 ille
556 4505 656 4561 metuit
675 4502 884 4583 πολυφιλίαν
911 4505 950 4564 ab
977 4504 1106 4563 Hesiodo
1130 4521 1242 4578 parum
1263 4504 1439 4563 laudatam:
1469 4502 1536 4560 nulli
1548 4503 1589 4552 llll

320 4611 407 4679 patet
430 4606 474 4663 ad
496 4607 720 4665 necessitudinis
738 4606 859 4679 scedas‚·
890 4623 1079 4681 reeqaapuam
1098 4622 1231 4666 morosus
1253 4608 1283 4664 in
1307 4606 1471 4677 dilipendo,
1489 4605 1588 4662 com

325 4707 462 4766 dissimus
485 4710 515 4765 in
537 4710 659 4778 aterrdo,
679 4711 931 4767 constantissimus
951 4712 983 4768 in
1003 4708 1176 4775 retinendo·
1206 4709 1234 4766 si
1248 4706 1319 4779 sors
1340 4707 1446 4766 incidit
1465 4708 1494 4765 in
1512 4706 1590 4777 Μ·

322 4812 406 4883 piam
425 4787 510 4868 cuins
530 4812 606 4868 siliis
625 4811 740 4868 mederi
757 4827 816 4868 non
836 4813 941 4884 possit,
963 4812 1043 4868 λιιιιε
1060 4827 1119 4883 per
1137 4811 1319 4868 occasionum
1334 4809 1466 4879 dimittit,
1487 4804 1614 4863 dissm

325 4914 501 4983 amicitiam,
531 4928 589 4970 non
612 4911 800 4985 abrumpens.
845 4930 917 4985 quos
944 4913 1222 4988 sancerosreperit
1241 4918 1269 4969 et
1293 4910 1337 4968 ad
1362 4911 1508 4983 inueniam
1529 4906 1591 4961 Μ*

325 5016 488 5087 appositas,
517 5013 623 5071 borum
649 5015 860 5074 consuetudine
884 5013 1058 5088 fabulisque
1085 5016 1129 5073 sie
1155 5013 1334 5081 delectatur,
1363 5019 1394 5070 ut
1415 5014 1446 5070 in
1468 5011 1510 5069 bis
1528 4998 1592 5065 reba

326 5164 528 5176 *nn-

394 5262 404 5295 ⁴
423 5265 588 5315 cerevisiam
601 5270 626 5315 5.
635 5270 659 5315 7.
669 5267 693 5315 8.
764 5266 775 5298 ⁸
793 5266 913 5317 libenter
927 5271 949 5315 7.
960 5268 984 5315 8.
1054 5263 1077 5297 ³¹
1095 5265 1201 5328 πολνφ.
1215 5263 1250 5313 ab
1263 5261 1397 5329 Hesiodo]
1411 5263 1464 5330 Op.
1477 5266 1503 5313 el
1517 5258 1538 5307 d·
1548 5243 1591 5299 5¹¹·

327 5365 385 5413 sqq.
405 5387 421 5411 „
465 5342 558 5408 δειλός
571 5366 613 5401 τοι
626 5341 704 5417 α’νὴο
717 5349 805 5415 φίλον
816 5340 917 5402 ἄλλοτε
931 5340 1020 5401 ἄλλον
1033 5349 1165 5400 Hominem
1178 5384 1248 5398 .......
1261 5341 1348 5413 Μηδὲ
1362 5342 1533 5411 πολύξεινον,
1542 5317 1592 5405 „i

326 5427 444 5495 ἄξεινον
456 5428 620 5485 καλέεσθαι.
640 5436 724 5485 miser
743 5436 815 5485 enim
833 5436 876 5484 vir
893 5437 1013 5486 amicum
1033 5425 1104 5485 alisia
1124 5433 1208 5484 alium
1227 5433 1299 5482 iacit
1311 5469 1380 5487 .......
1393 5434 1435 5484 Ne
1447 5447 1508 5485 vero
1518 5420 1591 5479 muln

328 5532 385 5566 rum
403 5518 504 5582 hospes
522 5534 591 5569 neve
610 5519 712 5569 nullius
731 5520 831 5586 hospes
850 5520 979 5570 dicaris’'.
1032 5517 1054 5550 ³⁴
1073 5520 1141 5570 ioris
1153 5506 1311 5568 2...l'.s...8.
