3625 7050
369 1252 477 1310 CXXX.
496 1268 601 1308 nessia
614 1269 678 1306 nor.
692 1268 729 1304 nt>
742 1266 825 1305 aver.
839 1267 874 1304 ne
889 1264 983 1303 suone
997 1266 1072 1303 nono
1085 1266 1128 1302 εν.
1142 1265 1169 1302 n.
1182 1259 1216 1304 tt.
1230 1267 1287 1305 ιη.
1302 1259 1363 1305 tstt.
1444 1236 1518 1312 285

225 1429 348 1488 indatur
374 1429 413 1487 de
439 1431 499 1486 uita
523 1426 625 1499 futuri
650 1428 756 1493 seculi,
786 1434 817 1484 ut
843 1424 1094 1497 aquascas'itlud
1117 1441 1158 1482 erc
1186 1427 1285 1483 animo
1304 1427 1398 1499 loqui,
1426 1443 1521 1500 neque

225 1532 289 1590 sine
314 1532 426 1604 optima
452 1546 514 1603 spe.
558 1529 602 1586 Ac
629 1530 697 1586 tatis
717 1528 820 1586 Maras
846 1532 890 1586 est
912 1529 1000 1585 etiam
1027 1528 1059 1584 iu
1079 1526 1170 1583 atila:
1199 1535 1228 1584 et
1249 1534 1353 1600 pastea
1379 1533 1448 1586 stunt
1471 1530 1524 1601 qui
1531 1536 1590 1586 tu.

225 1638 329 1706 putent
352 1630 534 1688 Christianos
558 1645 615 1687 non
637 1631 766 1688 inueniri
785 1631 845 1687 nisi
864 1631 894 1687 in
913 1630 1115 1686 monasteriis:
1147 1630 1221 1686 tales
1241 1631 1318 1687 uiros
1345 1607 1522 1687 cordatississ

225 1749 290 1792 mus
318 1748 377 1791 rex
397 1734 429 1790 in
454 1730 606 1803 familiam
627 1745 712 1788 suam
740 1737 828 1803 atque
852 1730 930 1787 atico
953 1731 985 1787 ia
1007 1729 1172 1787 cubiculum
1194 1746 1251 1788 raon
1273 1733 1365 1788 solum
1387 1731 1522 1802 admittit,

225 1849 332 1892 nerum
357 1835 446 1892 etiam
468 1834 584 1902 trinitat,
617 1848 672 1889 nec
692 1832 796 1889 inritat
815 1831 916 1902 motio,
939 1847 1039 1890 nerum
1060 1833 1148 1889 etiam
1162 1831 1331 1905 pertrahit:
1364 1831 1416 1890 itas
1436 1832 1526 1890 latet

225 1934 357 1993 arbitros
375 1950 414 1993 nc
432 1940 517 1992 testes
536 1938 695 2008 perpetuos
716 1935 783 1991 nita
802 1949 881 2003 suar,
898 1933 953 1993 aas
971 1933 1060 1991 nubet
1077 1935 1108 1990 in
1130 1935 1273 2004 consiliis,
1294 1933 1346 1991 aas
1362 1934 1449 1991 natet
1470 1936 1522 1992 iti-

225 2050 333 2094 nernm
350 2037 489 2103 comites,·
521 2034 559 2093 nb
580 2034 627 2093 itis
648 2035 758 2108 stipari
771 2034 885 2106 qaudet
904 2035 1002 2107 patius
1023 2049 1113 2107 quam
1130 2036 1206 2091 luxu
1224 2034 1351 2107 perditis
1372 2036 1523 2093 iuuenibus

225 2143 281 2196 ant
295 2138 477 2195 mulierculis
505 2143 559 2194 ant
585 2138 673 2194 etiam
695 2137 838 2209 torquatis
861 2134 956 2194 Midis
983 2141 1036 2191 aut
1056 2137 1221 2210 insynceris
1245 2134 1368 2208 officiis,
1398 2154 1522 2210 quarum

225 2239 307 2296 alins
328 2238 373 2296 ad
394 2239 556 2313 voluptates
579 2241 696 2312 ineptas
721 2244 834 2305 animet,
865 2238 944 2294 alius
965 2236 1009 2293 nti
1031 2236 1220 2309 tyrannidem
1243 2238 1418 2309 inflammet,
1445 2241 1523 2297 alias

227 2339 274 2398 ad
291 2340 489 2413 expilandum
507 2340 650 2413 papulum
673 2354 764 2397 navas
784 2338 906 2397 technas
927 2343 1078 2410 suqqerat.
1113 2338 1150 2395 In
1170 2338 1228 2395 trac
1247 2341 1320 2397 aula
1341 2341 1369 2397 si
1389 2341 1519 2412 vicisses,
1531 2354 1590 2403 §.a

225 2440 370 2514 Hutteaa
396 2448 446 2499 sat
469 2443 529 2499 scio
556 2456 677 2498 rursum
705 2442 797 2497 aliam
819 2442 921 2497 autam
944 2439 1127 2497 describeres
1147 2445 1176 2496 et
1195 2441 1336 2497 misaalus
1355 2457 1418 2498 esse
1439 2442 1523 2499 desi-

225 2559 329 2614 neres,
358 2559 530 2616 quanquam
559 2549 591 2599 tu
623 2557 737 2615 qaoque
768 2557 834 2600 cnm
860 2555 893 2599 eo
917 2542 1058 2613 principe
1086 2541 1171 2609 trinis,
1203 2547 1235 2598 ut
1258 2543 1446 2613 inteqriorem
1468 2559 1523 2601 rtec

226 2650 334 2719 aptare
353 2647 465 2719 passis·
497 2659 591 2716 neque
619 2642 726 2700 desunt
752 2643 804 2714 qni
829 2641 918 2700 rebus
942 2643 1058 2714 optimis
1081 2640 1222 2713 saccant,
1248 2645 1338 2701 relati
1356 2642 1523 2702 Stramerus

226 2762 264 2805 ac
285 2745 413 2821 Cappus.
457 2744 519 2802 Sed
538 2743 613 2818 qnid
632 2745 688 2801 ista
706 2745 847 2819 paucitas
864 2743 909 2800 ad
926 2749 1040 2800 tantum
1054 2760 1181 2801 eramen
1203 2745 1360 2816 insiqnium
1382 2748 1521 2819 uirorum,
1532 2758 1589 2808 §.m

229 2845 380 2917 Menapii,
412 2845 550 2913 Linacm',
584 2843 714 2917 Paccei,'
733 2844 836 2915 Coleti,
871 2843 1018 2916 Stocsteii,
1050 2844 1206 2917 tantuna,
1239 2845 1333 2917 Mori,
1368 2838 1523 2920 Tuastalti,
1675 2828 1677 2832 ’

228 2948 340 3007 Clerici
370 2954 458 3021 atque
487 2949 613 3005 aliorum
651 2945 697 3002 itis
728 2944 923 3015 adsimitium‚
960 2961 1085 3019 querum
1116 2963 1310 3020 quancunque
1349 2928 1521 3019 nominaris,

226 3049 372 3107 mundum
394 3051 522 3107 omnium
544 3050 682 3106 uirtutum
704 3063 741 3106 ac
761 3047 989 3120 disciplinarum
1008 3050 1097 3106 semet
1114 3047 1240 3106 dixeris.
1275 3047 1354 3107 Mitti
1370 3066 1439 3108 nera
1456 3068 1523 3125 spes
1532 3063 1591 3114 §.a

226 3158 272 3210 est
292 3150 528 3224 haudquaquam
549 3149 698 3222 culparis,
714 3147 785 3220 sure
805 3156 837 3205 nt
851 3148 1001 3219 Alterais,
1024 3152 1143 3208 unicum
1163 3150 1209 3207 itis
1224 3151 1401 3224 temporibus
1415 3159 1524 3210 nostroe

229 3253 402 3312 Germania
423 3257 642 3320 ornamentum,
664 3257 693 3308 et
710 3252 814 3325 piures
835 3251 884 3307 sui
902 3253 1011 3308 similes
1032 3254 1061 3309 in
1085 3267 1170 3309 snam
1190 3253 1303 3324 alteqat
1321 3252 1472 3324 familiam
1497 3261 1525 3313 et

228 3355 349 3413 coeteris
371 3353 560 3428 principibus
582 3353 674 3425 qraui
695 3354 733 3409 sit
756 3353 905 3425 exemplo,
935 3361 966 3410 ut
988 3352 1065 3410 idem
1090 3360 1119 3411 et
1141 3354 1200 3427 ipsi
1219 3369 1283 3411 sace
1306 3352 1527 3428 quisque'domi

225 3453 335 3528 facem
352 3455 499 3512 studeant.
531 3453 630 3511 Habes
652 3455 807 3527 imaqiaem
829 3432 872 3510 ad
891 3454 1030 3527 optimam
1050 3457 1206 3530 exemplar
1223 3471 1243 3512 α
1262 3457 1389 3530 pessima
1409 3459 1524 3529 artifice
1534 3472 1593 3522 sss.

227 3573 288 3616 ntm
310 3558 417 3630 optime
440 3558 628 3615 delineatam.
674 3570 711 3613 ea
733 3554 785 3612 tibi
804 3556 900 3613 azirius
919 3556 1063 3629 placebit,
1086 3559 1114 3615 si
1132 3559 1279 3629 cantinqet
1300 3558 1417 3617 Morum
1441 3576 1526 3619 nasse

225 3653 373 3734 propius·
404 3658 459 3715 sed
479 3658 556 3716 illud
576 3664 672 3715 tumen
697 3658 813 3714 interim
836 3657 919 3727 caui,
942 3674 979 3715 ae
1000 3658 1073 3715 mila
1087 3660 1182 3732 possis
1197 3659 1362 3732 impiaqere
1378 3661 1458 3733 quod
1474 3661 1528 3719 tibi

228 3762 329 3820 minus
344 3761 519 3834 paruerim,
549 3776 621 3817 neue
642 3773 760 3831 semper
782 3758 944 3831 opprobres
966 3760 1088 3816 nimium
1110 3759 1210 3819 breues
1230 3762 1385 3833 epistulas·
1412 3764 1527 3820 etiamsi

230 3862 299 3921 ltoec
319 3877 376 3921 nec
395 3860 470 3918 milti
489 3860 629 3920 scribenti
649 3862 712 3918 uisa
734 3862 926 3931 esttamen,
949 3876 1005 3917 nec
1023 3860 1076 3918 titi
1094 3863 1216 3933 tepenti,
1238 3869 1285 3919 sat
1306 3863 1381 3932 scia,
1401 3864 1525 3935 prutina

228 3963 394 4023 videditur:
426 3962 461 4020 id
476 3961 574 4034 saciet
587 3960 670 4020 Mori
690 3962 785 4019 nostri
805 3962 946 4018 stettaitus.
987 3961 1109 4032 Verum,
1132 3962 1264 4020 aenituit
1285 3962 1593 4036 adpostremamsn.
1652 4012 1659 4035 ,

227 4071 312 4123 tnam
339 4064 494 4139 epistolam
521 4064 733 4137 respondeam,
767 4077 855 4134 quam
882 4064 971 4136 prius
996 4078 1138 4121 cucusum
1165 4063 1226 4135 thi
1254 4079 1343 4136 qnam
1373 4066 1525 4138 scriptam,

228 4167 394 4227 clarissimi
411 4165 560 4240 principis
581 4164 922 4223 Albertiltnmanitatem
945 4179 985 4221 eu
1007 4165 1100 4237 ipsius
1121 4167 1209 4222 etium
1232 4164 1275 4221 ad
1294 4180 1340 4223 me
1361 4167 1455 4224 literis
1475 4168 1526 4223 in-

228 4269 342 4327 tellexi.
385 4266 441 4325 sed
463 4268 516 4340 qai
534 4281 634 4339 quase
653 4264 786 4339 facttum,
813 4272 845 4323 ut
863 4268 1077 4340 patera'prius
1099 4267 1142 4324 ad
1162 4282 1260 4326 omnes
1279 4270 1450 4341 peruenerit
1470 4271 1528 4327 tais

230 4371 328 4429 literis
347 4384 436 4442 quum
461 4364 589 4426 adme?
617 4373 696 4426 certe
711 4370 772 4441 per
795 4370 939 4426 neminem
961 4370 1071 4426 certius
1087 4370 1201 4428 mittere
1220 4376 1342 4443 poteras
1361 4384 1450 4443 quam
1470 4387 1528 4443 per

229 4465 421 4531 Richardum
443 4469 597 4539 Ptccettm,
624 4470 805 4527 serenissimi
826 4469 943 4541 Anqlioe
965 4473 1045 4542 repis
1070 4476 1230 4544 aratorem,
1258 4474 1318 4529 siue
1340 4487 1386 4529 me
1406 4470 1529 4530 liaberet

229 4571 403 4630 Bratantia
425 4573 486 4629 siae
505 4570 679 4629 Britannia.
728 4570 785 4641 Tu,
813 4577 956 4643 quantum
981 4571 1079 4638 uideo,
1111 4578 1140 4629 ct
1163 4574 1281 4631 calamo
1304 4580 1333 4630 et
1352 4588 1422 4631 ense
1440 4589 1525 4646 qna-
1536 4590 1595 4639 §.na

229 4675 308 4732 riter
324 4673 525 4744 telliqeraris,
548 4689 602 4731 nec
619 4675 715 4730 minus
736 4679 834 4729 tamen
843 4670 976 4743 feliciter
987 4689 1076 4744 quam
1090 4672 1229 4745 sortiter:
1250 4691 1320 4731 nam
1336 4674 1421 4747 apud
1439 4646 1527 4733 reue-

227 4775 439 4838 rendissimum
462 4774 649 4861 curdiaalem
667 4773 838 4832 Caietanum
861 4773 952 4833 audio
972 4780 1000 4832 te
1013 4788 1154 4847 maqnum
1167 4776 1255 4833 etiarn
1271 4777 1371 4833 iniisse
1382 4778 1527 4846 qratiam.

299 4974 308 5008 ¹
330 4975 407 5024 illum
421 4978 447 5024 2.
460 4992 518 5042 sqq.
538 4974 556 5008 ¹¹
577 4975 709 5026 missulus
723 4980 747 5024 7.
758 4976 781 5024 8.
817 4971 956 5039 planetae
972 4979 1108 5040 scripserit
1120 4976 1250 5026 Eraenms.
1322 4973 1343 5007 ¹³
1361 4974 1527 5025 Stocschleii

225 5063 307 5112 1...4.
322 5063 346 5110 d.
389 5058 591 5111 Stocscheliit.
634 5059 878 5110 Stoctehletiits.
903 5041 1042 5122 „Ioannes
1065 5060 1217 5109 Stocsleius
1239 5057 1404 5126 [Stoicestey]
1427 5066 1528 5124 praeter

226 5145 431 5199 scholasticam
449 5143 522 5195 hane
540 5145 724 5210 theologiam,
744 5146 772 5194 in
792 5161 845 5209 qua
858 5146 961 5194 nemini
975 5146 1062 5206 cedit,
1082 5146 1164 5193 trium
1183 5146 1267 5195 etism
1286 5145 1442 5210 linguarum
1454 5145 1528 5194 haud

225 5229 387 5298 vulgariter
404 5230 522 5295 peritus,
537 5245 554 5279 a
566 5230 654 5279 sacris
666 5226 721 5293 [est
732 5230 836 5294 Anqtioe
847 5226 944 5294 reqt].''
963 5230 1069 5278 Ernsm.
1084 5230 1233 5279 Bombasio
1252 5228 1333 5279 (1.26.
1348 5229 1399 5278 Iul.
1412 5246 1438 5280 a.
1456 5229 1527 5280 1518.

226 5315 313 5382 (opp.
327 5312 415 5364 Basti.
432 5311 506 5363 1540.
520 5319 584 5363 tom.
597 5314 648 5362 III.
664 5329 689 5378 p.
702 5312 744 5363 03.
781 5315 850 5380 Epp.
865 5314 909 5363 ed.
921 5315 955 5362 L.
968 5314 1001 5362 B.
1016 5312 1089 5363 1706.
1103 5330 1176 5362 num.
1191 5314 1375 5376 cecanum),
1396 5330 1456 5378 quae
1471 5317 1528 5380 epi-

225 5400 302 5451 stola
313 5403 470 5449 ceterorum
483 5413 588 5463 quoque
600 5397 653 5447 h.l.
662 5399 861 5449 nominatorum
874 5396 1024 5463 Anglorum
1033 5398 1131 5448 laudes
1143 5398 1231 5447 fusius
1244 5400 1426 5462 prosequitur.
1457 5400 1529 5450 Ton-

226 5483 412 5548 stallitmqq.
467 5481 488 5515 ¹⁶
506 5483 744 5533 assimilamus.
792 5481 814 5515 ¹⁸
832 5480 884 5547 est]
900 5487 928 5531 et
940 5486 1000 5531 23.
1047 5480 1340 5537 ”delinistnmt...3.
1387 5482 1529 5553 ”exaq

225 5572 369 5628 senonim
385 5569 444 5621 λθ.
497 5566 519 5602 ³⁸
536 5569 704 5623 Britanist.
741 5569 937 5644 gravitati.
968 5566 990 5599 ⁵³
1008 5564 1070 5637 nec]
1090 5584 1145 5619 non
1158 5572 1182 5620 t.
1191 5570 1215 5620 8.
1235 5569 1268 5620 n.
1283 5570 1307 5620 t.
1327 5571 1398 5622 omis.
1412 5571 1439 5620 2.
1452 5587 1509 5640 sqq.
