3625 7050
142 921 266 973 ccxffl.
280 935 316 972 nx
325 933 450 971 Aornum
461 933 581 971 consum
592 930 732 969 anemone
742 929 779 968 ao
788 929 887 968 cusos..
897 930 963 968 ovo.
972 930 1025 968 ouo
1035 931 1117 968 sves.
1126 929 1155 970 tc.
1164 929 1322 978 nonnvuus.
1359 898 1434 976 443

141 1112 196 1170 que
218 1101 261 1152 est
282 1096 334 1168 qui
353 1112 410 1151 non
433 1096 477 1152 oel
498 1093 619 1151 lutheri
638 1095 676 1150 sit
697 1092 742 1152 uel
762 1091 897 1161 Halteni,
924 1092 955 1148 id
975 1097 1019 1149 est
1039 1093 1090 1164 qui
1109 1106 1167 1147 non
1193 1093 1225 1147 in
1251 1092 1308 1148 illis
1329 1092 1437 1150 Clsristi

140 1182 273 1253 spiritum
305 1181 466 1250 Christique
494 1182 653 1236 doctrinam
682 1181 829 1250 aqnooerit
852 1219 1052 1234 .........
1099 1175 1157 1232 Sed
1177 1193 1264 1248 quum
1292 1196 1347 1234 non
1365 1195 1434 1251 pos·

140 1274 204 1323 sent
228 1265 368 1338 perferre
394 1266 522 1321 ltomines
549 1266 758 1333 delicatissimi,
791 1270 850 1320 tum
878 1264 1023 1318 trrammus
1048 1261 1186 1334 pontifex
1213 1262 1362 1320 Romanus
1388 1266 1435 1320 ille

141 1366 230 1407 ausus
252 1357 294 1405 est
315 1352 447 1407 nonnihil
467 1346 571 1407 temere
593 1363 680 1422 oqere
700 1353 730 1406 in
753 1352 873 1421 optimos
887 1350 977 1414 ciros,
999 1348 1203 1418 consiliumque
1218 1349 1293 1415 iniit,
1316 1355 1348 1404 ut
1362 1351 1435 1405 occi-

118 1440 236 1502 ⁵cleret,
267 1443 364 1503 ratus,
392 1442 423 1491 ut
450 1438 478 1491 si
502 1437 589 1491 semel
610 1436 748 1491 tollantur
769 1437 825 1503 illi,
848 1435 944 1490 statim
965 1435 1132 1488 unioersum
1154 1435 1311 1489 extinctum
1333 1437 1371 1490 sit
1392 1438 1435 1491 in·

139 1523 278 1578 caudium.
323 1521 384 1580 Pro
405 1535 436 1575 sc
458 1526 552 1576 tanuen
575 1519 648 1575 niltil
666 1522 736 1592 opit,
765 1522 842 1591 qnod
862 1520 975 1574 notiora
997 1521 1054 1573 sint
1074 1520 1151 1574 illius
1169 1518 1321 1590 facinora,
1348 1538 1435 1592 quum

140 1614 171 1662 ut
200 1605 318 1678 defendi
340 1606 453 1676 possint
485 1609 529 1662 vel
556 1605 672 1660 testibus
699 1591 917 1670 ὖποτυπώσεως
939 1609 1041 1676 cqeunt
1190 1604 1261 1660 Tota
1280 1607 1315 1661 lis
1337 1613 1380 1662 est
1400 1607 1435 1662 de

140 1692 271 1747 vindiciis
292 1691 448 1746 seeundum
477 1691 637 1746 libertatem
665 1696 692 1745 et
719 1692 796 1762 quod
816 1692 880 1745 illos
901 1690 1019 1744 liberius
1041 1688 1209 1743 monuerint.
1254 1706 1306 1747 nec
1328 1706 1436 1764 neqare

138 1782 261 1847 possunt
287 1791 318 1830 se
345 1791 411 1831 reos
437 1791 499 1831 esse
525 1778 547 1830 ii
572 1778 623 1847 qui
650 1776 729 1830 nobis
751 1778 780 1830 in
802 1775 856 1830 ltoc
878 1776 993 1845 neqocio
1016 1774 1161 1829 obsistunt.
1207 1773 1289 1842 (laod
1309 1793 1372 1832 cum
1395 1779 1436 1832 ito

107 1861 131 1907 ¹⁰
141 1864 192 1923 sit,
216 1862 286 1931 quid
306 1875 421 1916 monere
443 1877 500 1916 non
523 1862 684 1916 debuerunt
704 1859 863 1915 Martinam
885 1867 913 1915 et
936 1859 1108 1924 Haltenum,
1131 1862 1209 1928 qnod
1228 1862 1291 1916 illos
1305 1879 1362 1917 non
1381 1879 1435 1933 pu-

140 1947 203 2002 duit
221 1945 344 2016 facere?
367 1986 569 2001 .........
621 1944 718 2000 Videte
740 1947 841 2016 iqitur,
870 1944 1048 2001 invictissimi
1064 1945 1225 2014 principos,
1255 1963 1341 2016 qnam
1362 1949 1436 2002 indi·

139 2047 227 2102 queem
249 2033 286 2084 sit
308 2032 382 2084 mate
403 2033 511 2086 mereri
531 2032 566 2086 ele
588 2031 657 2085 berre
679 2032 802 2097 meritis,
826 2031 876 2101 qui
897 2044 933 2084 na
955 2043 1007 2083 nos
1025 2030 1204 2099 periremus,
1226 2037 1327 2100 sponte
1341 2047 1372 2087 se
1386 2034 1445 2086 cle·¹

140 2118 246 2171 derunt
274 2115 447 2183 discrimini,
481 2122 509 2170 et
536 2115 691 2170 nnutltemo
719 2121 857 2184 optarunt
884 2129 947 2169 esse
974 2129 1032 2183 pro
1061 2111 1209 2183 fratribus
1237 2119 1287 2185 qui
1312 2123 1380 2172 sunt
1406 2117 1437 2170 in

142 2201 270 2255 Christo:
300 2201 390 2271 nraqis
413 2216 480 2255 aero
505 2200 668 2255 honorandi
694 2206 775 2266 sunt,
805 2212 863 2255 non
890 2199 968 2269 quod
991 2197 1053 2253 leae
1080 2199 1166 2253 uelint
1192 2200 1262 2269 ipsi,
1290 2202 1343 2256 sed
1367 2202 1437 2280 quio

108 2286 256 2355 ¹⁵diqnnm
277 2290 319 2338 est
338 2301 395 2355 pro
413 2287 536 2354 pietate,
557 2302 614 2355 pro
632 2286 750 2355 patria,
771 2301 827 2355 pro
848 2285 926 2339 vobis
943 2283 1125 2354 principibus
1136 2281 1436 2355 puqaantibus'oicem

140 2371 263 2424 reddero
285 2371 518 2440 moqnificeatioe,
547 2387 603 2441 qno
626 2372 665 2425 ad
685 2371 798 2425 illorum
821 2370 941 2426 uirtutes
962 2369 1094 2440 eqccqios
1112 2369 1235 2438 posthoc
1256 2373 1346 2426 ceteri
1366 2387 1435 2441 qno·

140 2469 195 2525 quc
218 2455 344 2508 accdeont
360 2459 387 2508 et
402 2457 513 2509 maiora
535 2462 675 2510 canentur
691 2457 812 2526 odqredi
827 2493 1296 2510 ....................
1312 2496 1325 2509 .
1354 2456 1445 2511 Hac·¹

140 2546 223 2592 tenus
252 2542 393 2593 rationem
421 2541 546 2604 reddidi,
574 2541 756 2610 quomobrem
783 2555 814 2595 se
843 2540 1030 2609 opposuerint
1052 2538 1183 2594 Romano
1206 2541 1339 2610 pontifici
1359 2541 1435 2596 Hul-
1525 2577 1528 2586 ·

140 2630 223 2676 tenus
245 2629 272 2676 et
294 2622 453 2690 Martinus,
482 2627 602 2680 necdum
625 2627 690 2679 disi
711 2626 787 2694 quod
807 2625 1005 2689 institueram,
1035 2628 1063 2677 et
1085 2624 1162 2692 quod
1187 2639 1236 2680 res
1264 2627 1327 2696 ipsa
1350 2624 1435 2696 effla-

105 2708 224 2778 llqitot,
260 2709 386 2764 uidelicet
414 2725 499 2779 qnam
528 2711 632 2764 iniuste
659 2717 779 2765 conetur
803 2710 930 2780 perdere
957 2711 1130 2764 innocentes.
1175 2707 1255 2764 Idem
1281 2711 1327 2765 ille
1355 2712 1437 2765 toties

139 2794 278 2860 repctitns
301 2793 528 2848 Christianorum
551 2795 712 2864 Epicurus,
738 2798 938 2865 preposterus
961 2793 1043 2859 Cato,
1074 2793 1171 2847 ambos
1192 2799 1313 2850 uenatus
1330 2790 1376 2849 ¹est
1398 2796 1437 2850 ad

138 2880 273 2941 mortem,
297 2893 349 2932 nec
372 2880 512 2932 rationem
535 2878 619 2934 habet
642 2880 724 2934 tomo
745 2878 1011 2949 pertinacissimus,
1035 2894 1121 2947 quom
1143 2879 1217 2934 male
1239 2885 1387 2934 mereatur
1400 2881 1436 2935 de

139 2961 251 3029 optimis
274 2964 350 3016 oiris.
398 2963 466 3017 Esto
489 2964 530 3018 illi
550 2963 652 3019 hulcus
675 2965 797 3035 tetiqerit
815 2962 975 3029 Huttenus,
998 2965 1062 3032 quis
1084 2967 1179 3019 antem
1201 2981 1257 3019 non
1280 2965 1436 3036 aliquando
1530 2964 1537 2985 ¹

138 3047 254 3116 impcqit
275 3046 305 3101 iu
329 3047 431 3102 verbo?
461 3046 494 3102 Si
510 3063 636 3118 prorsus
658 3048 751 3104 scelus
773 3055 816 3104 est
837 3049 985 3120 corripere
1005 3048 1159 3118 prolatos,
1181 3050 1337 3120 illoneque
1357 3065 1435 3120 proc·

105 3129 262 3184 ²5monitus
284 3136 341 3199 est,
366 3147 418 3186 uec
440 3149 538 3187 coram
561 3134 677 3189 testibus
699 3139 860 3203 correptus.
906 3132 967 3198 Quo
990 3133 1077 3204 iqitor
1098 3134 1162 3187 iure
1183 3134 1225 3189 ita
1246 3135 1435 3205 impraemedi-

139 3220 198 3268 tate
220 3216 380 3270 trolremlus
403 3217 432 3270 in
455 3224 592 3271 mortem?
629 3218 662 3273 Si
676 3216 744 3289 sur,
774 3220 800 3271 si
821 3217 978 3275 homicida.
1007 3217 1033 3271 si
1054 3219 1199 3288 veneficus
1220 3226 1308 3285 esset,
1337 3220 1435 3289 utique

139 3299 211 3352 nillil
229 3297 334 3369 suisset
357 3306 462 3355 temere
485 3303 643 3372 uqenclnm:
673 3303 791 3373 sentiendo
814 3307 927 3372 tempus
948 3302 1074 3357 «landum
1097 3290 1183 3368 esset,
1212 3320 1268 3373 quo
1294 3307 1436 3375 purporet

139 3397 216 3436 sese.-
247 3390 354 3454 quanto
377 3387 468 3457 moqis
490 3386 562 3440 niltil
583 3387 723 3458 aqendum
744 3384 850 3456 srioole
872 3389 901 3440 in
923 3399 987 3440 eum
1010 3387 1060 3455 qui
1085 3391 1126 3440 tot
1152 3386 1257 3441 lubeat
1286 3392 1371 3442 testes
1391 3388 1435 3440 iu-

139 3470 291 3535 nocenticc,
320 3471 370 3541 qui
391 3488 409 3525 o
432 3476 489 3525 tam
511 3470 607 3527 metitis
628 3467 742 3541 semper
761 3470 903 3541 probatus
925 3470 1034 3538 estitit,
1063 3488 1081 3524 u
1103 3476 1143 3525 tot
1164 3471 1266 3537 doctis,
1296 3477 1337 3527 tot
1357 3471 1435 3527 nolti-

107 3553 229 3619 ³⁰lilrus,
256 3560 295 3607 tot
315 3556 508 3626 principibus,
537 3562 594 3611 tom
617 3556 699 3627 lonqo
722 3561 848 3625 tempore
870 3562 897 3611 et
920 3568 958 3611 ex
981 3562 1038 3610 tam
1060 3556 1141 3610 eloro
1162 3562 1309 3611 stemmate
1330 3573 1435 3629 eoquo·

139 3644 194 3692 tus.
240 3638 310 3704 (liris
331 3656 427 3709 queeso
449 3641 542 3716 libere,
564 3640 686 3711 postltoc
709 3639 883 3711 predicabit
903 3642 1094 3712 eoanqelium,
1124 3642 1151 3695 si
1176 3648 1234 3694 tum
1262 3656 1353 3712 qrooc
1380 3642 1446 3696 erit¹

139 3722 243 3777 audire
265 3732 382 3779 oerum?
405 3767 483 3779 ....
529 3725 644 3780 Fuisset
663 3726 758 3795 primo
780 3725 953 3784 monendus:
982 3725 1083 3779 deinde
1104 3726 1131 3778 si
1147 3726 1329 3795 pertinacior
1352 3725 1435 3796 (qoa-

139 3809 193 3862 lem
216 3814 310 3861 tomen
338 3809 385 3864 ille
411 3823 442 3863 se
469 3817 555 3880 neqot
576 3807 731 3880 extitisse),
760 3810 858 3880 polam
880 3811 911 3864 ia
933 3812 979 3865 ius
1000 3810 1161 3869 oocondns;
1187 3815 1334 3880 postremo
1356 3812 1438 3881 opud

139 3907 223 3946 scetem
246 3893 375 3947 iudicem.
413 3893 477 3948 Iam
499 3908 591 3965 neque
613 3896 643 3948 in
662 3896 762 3965 palam
784 3901 940 3950 carrucatas
961 3900 1019 3962 est,
1042 3908 1134 3964 nequa
1156 3896 1238 3966 apud
1257 3896 1366 3951 iudices
1382 3896 1435 3950 tle·

105 3977 261 4046 ³⁵lcqatos,
286 3993 334 4032 oos
355 3979 471 4048 inquam
494 3979 581 4034 duces
603 3977 877 4040 Cltr'istianissimoss
904 3980 1050 4036 sedidem
1073 3986 1155 4034 actor
1175 3986 1203 4034 et
1224 3981 1328 4047 iudex,
1355 3981 1435 4036 culu-

139 4062 264 4115 mniotor
285 4066 312 4115 et
334 4063 432 4116 lictor:
468 4054 551 4118 immo
579 4080 707 4119 stammas
735 4081 770 4119 ac
798 4066 944 4119 mouimus
965 4065 1092 4120 eeclesiae
1115 4070 1220 4135 pastor
1243 4062 1288 4135 (ut
1309 4067 1370 4136 ipse
1393 4065 1435 4119 in·

139 4147 212 4215 quit)
232 4148 386 4215 propriam
405 4163 482 4202 onem
505 4149 700 4204 crudelissime
722 4150 860 4220 eupetioit
887 4152 917 4205 in
945 4164 1056 4216 necem,
1084 4166 1170 4220 qnam
1192 4152 1304 4219 setique,
1332 4153 1359 4205 si
1380 4166 1437 4205 non

140 4232 337 4284 mercenarius
360 4238 447 4293 esset,
476 4243 595 4287 serrare
617 4235 768 4301 delulerat,
799 4251 856 4289 non
875 4236 1014 4304 perdere,
1044 4240 1071 4288 et
1093 4236 1180 4289 lineum
1208 4232 1356 4305 sumiqarc
1379 4251 1436 4288 non

140 4314 326 4384 celinquere,
350 4317 401 4369 secl
423 4318 623 4372 reaccendere.
663 4320 747 4388 qnasi
770 4320 846 4374 voltis
867 4334 950 4373 enses
973 4335 1028 4392 non
1044 4319 1115 4382 sint,
1138 4320 1164 4372 si
1177 4320 1318 4387 supplicio
1333 4320 1437 4389 diqnus

105 4399 131 4443 ⁴⁰
140 4399 190 4463 sit,
214 4399 336 4453 tristitie.
358 4402 517 4456 sacerdotio
540 4402 669 4472 iunqeret
698 4404 783 4456 etium
805 4393 1004 4457 latrocinium.¹
1048 4400 1149 4456 Vestro
1171 4402 1233 4455 noe
1254 4403 1362 4456 iniuria
1384 4408 1436 4466 est,

140 4497 212 4553 quos
235 4483 306 4536 tales
328 4485 474 4538 existimat
497 4487 546 4554 qui
566 4501 678 4555 u‘qunm
701 4488 836 4540 nesciatis
855 4484 995 4555 proferre
1016 4486 1160 4540 iudicium.
1204 4483 1326 4543 ¹Veneno
1348 4487 1436 4555 impe·

140 4567 184 4620 tiit
211 4565 351 4621 loruinem
379 4568 453 4622 clam
481 4568 603 4638 suffecto
631 4569 769 4624 monacho
796 4571 857 4624 eins
882 4568 1021 4640 factionis
1046 4571 1097 4640 qui
1117 4587 1135 4623 a
1154 4571 1346 4640 pecuniarum
1368 4585 1436 4625 con·

141 4657 219 4706 tactu
248 4656 409 4722 temperant
438 4654 564 4723 quidem,
595 4668 691 4708 acrum
721 4671 738 4706 a
766 4654 907 4723 spurcitia
936 4660 964 4708 et
990 4654 1156 4708 mulieribus
1181 4670 1236 4708 non
1264 4658 1435 4724 temperaret.

142 4734 212 4801 (lueis
233 4752 359 4805 unquam
383 4738 435 4791 lroc
457 4753 553 4808 quaeso
576 4739 723 4793 aetdientm
741 4738 897 4807 pontifice?
925 4739 952 4793 si
972 4743 1030 4791 lam
1050 4754 1140 4809 pratee
1162 4740 1270 4794 crimen
1292 4744 1334 4792 est
1354 4752 1435 4794 oene-

105 4820 252 4890 ⁴⁵ficinm,
277 4835 368 4892 neque
390 4823 639 4877 dissimulatoria
662 4821 773 4876 lamine
793 4823 922 4891 priuato,
945 4828 1052 4892 quanto
1075 4824 1166 4895 maqis
1186 4825 1215 4878 in
1230 4824 1363 4893 episcopo
1378 4838 1435 4876 non

140 4910 183 4958 est
205 4907 433 4960 connitendum?
463 4905 495 4961 Si
516 4907 631 4974 nebulo,
654 4908 681 4961 si
700 4906 881 4978 sycophanta
903 4906 956 4962 ltoc
978 4909 1096 4978 eqisset,
1119 4908 1333 4963 trucidaretur:
1366 4924 1435 4978 quo·

140 5018 344 5030 ¹——

207 5084 219 5115 ⁷
236 5075 329 5151 sinon]
355 5050 568 5136 informationis.
589 5078 781 5145 rinosouo'oroe
799 5094 837 5138 est
855 5092 880 5153 iu
898 5074 979 5137 εΗ.
1055 5087 1075 5120 ²¹
1095 5087 1158 5139 Chr.
1178 5085 1268 5154 Epio]
1288 5087 1321 5137 Iu
1338 5105 1436 5154 marq:

138 5169 291 5233 Epitheton
309 5171 461 5221 Pontificio.
531 5169 553 5202 ²¹
571 5170 600 5221 Si
619 5185 729 5236 prorsus
746 5168 805 5237 iso]
826 5175 854 5221 ot
871 5169 892 5202 ³⁸
906 5170 995 5237 qnasi}
1015 5171 1125 5222 Similis
1146 5173 1206 5237 ipse
1224 5172 1364 5223 Huttonus
1382 5173 1435 5225 Cs-

140 5253 198 5304 rolo
223 5254 287 5322 imp.
308 5259 336 5304 et
354 5254 499 5309 Germuuis
518 5258 547 5306 iu
566 5256 810 5326 conquestionibus
828 5256 989 5326 scripserat.
1024 5256 1159 5312 Similiter
1176 5257 1206 5308 iu
1223 5257 1412 5324 sequentibus.
