3625 7050
262 1208 336 1266 ext
356 1225 525 1266 nssssaeasr
538 1227 608 1267 nave
622 1225 739 1265 scurras
753 1225 837 1266 narr.
867 1208 952 1265 extr.
967 1224 1073 1266 scaras
1087 1227 1133 1264 nn.
1147 1227 1184 1265 an
1197 1225 1309 1266 urrann.
1323 1230 1365 1267 se.
1403 1199 1476 1276 253

215 1399 342 1435 raason.
816 1383 841 1433 2.
1254 1394 1287 1435 14.
1302 1402 1385 1437 narr.
1402 1397 1460 1439 1519.

475 1505 619 1548 musano
643 1504 749 1553 ATQVE
774 1504 971 1546 cuntsmnuo
997 1504 1181 1546 SACBRDOTI

345 1587 405 1675 DN.
425 1585 593 1636 ERNESTO
611 1586 737 1636 BAMFO
756 1586 872 1636 HESSO
891 1586 1076 1636 CANONICO
1095 1588 1316 1640 TVBINGENSI

460 1673 588 1715 noumo
611 1675 652 1714 nr
675 1673 827 1715 rarnouo
852 1674 913 1715 svo
940 1673 1199 1714 rueouranantnr

504 1759 537 1813 hl.
560 1758 701 1815 lOdNNES
723 1757 917 1814 intuamur
939 1759 1160 1815 uuasstuahvs

435 1858 543 1901 ronna
565 1860 607 1899 nr
631 1859 761 1901 onaron
784 1859 804 1899 a
828 1858 963 1900 unsaris
986 1858 1174 1903 uavnnarvs
1199 1861 1225 1904 s.

264 1959 500 2018 pestilentissima
528 1962 658 2035 nequitis
684 1961 799 2017 Lernam
828 1962 944 2018 maiores
973 1963 1062 2018 nostri
1097 1963 1163 2018 velis
1193 1965 1329 2039 remisque
1362 1985 1477 2040 regnare

215 2045 270 2101 esti
295 2045 447 2109 suntfnos
469 2046 546 2102 anuo
568 2046 710 2102 admodum
733 2044 920 2117 (nihilominus
944 2054 1032 2102 tarnen
1064 2049 1129 2103 totis
1157 2048 1258 2104 viribus
1286 2051 1352 2124 ipsis
1381 2054 1477 2109 Cerco·

215 2147 261 2185 »us
291 2129 492 2202 sceleratiores)
521 2131 660 2204 querimur
690 2172 837 2185 .......
847 2138 875 2187 0
878 2172 1026 2186 .......
1055 2131 1192 2190 Neminem
1220 2135 1338 2191 Troiano
1373 2138 1475 2192 excidio

215 2231 265 2289 {ue
289 2213 351 2287 ipsa
372 2214 441 2269 lovis
464 2214 608 2288 diphthera
631 2215 813 2287 antiquiorem
829 2215 1023 2270 Germanorum
1045 2226 1187 2289 poetarum
1208 2219 1336 2293 princeps
1351 2219 1476 2276 Vlrichus

215 2306 335 2361 uenus,
359 2298 491 2354 nobilium
513 2299 687 2354 doctissimus
710 2307 792 2372 atalae
814 2299 956 2355 doctorum
980 2299 1177 2362 nobilissimus,
1200 2303 1318 2358 carmine
1341 2312 1371 2359 ut
1394 2305 1476 2360 mdlis

215 2382 304 2439 meris
326 2399 432 2443 crasso,
457 2383 494 2438 ita
517 2383 643 2439 omnibus
666 2383 820 2439 nominihus
842 2384 951 2438 erudito
974 2391 1113 2457 potentem
1137 2386 1208 2440 lecit.
1248 2387 1352 2442 lnstitni
1371 2398 1398 2443 et
1414 2407 1474 2462 ego.

215 2475 316 2523 intum
331 2467 397 2522 rude
413 2484 500 2523 meum
516 2467 677 2542 captitulum,
702 2475 758 2522 tum
774 2468 841 2523 adeo
856 2468 942 2523 carica
958 2486 1024 2522 vena
1040 2469 1208 2531 admitteret.
1229 2472 1339 2527 Omnem
1356 2474 1475 2528 omnium

215 2568 323 2614 orem,
358 2560 385 2606 et
408 2553 454 2625 qui
477 2551 553 2607 solus
577 2552 733 2625 imprudens
756 2551 861 2608 cocleas
885 2569 940 2607 non
962 2561 1055 2625 captas
1082 2554 1192 2626 cogitur
1219 2556 1348 2617 exedere,
1383 2557 1475 2612 subito

215 2637 302 2692 odam
324 2636 423 2709 spiritu
445 2636 579 2699 scrihere,
607 2653 656 2691 seu
685 2644 714 2691 ut
736 2637 825 2693 verius
847 2637 933 2692 alicam
956 2637 1093 2693 cllundere
1117 2680 1240 2693 ......
1264 2639 1402 2712 Tubingae.
1439 2640 1475 2696 Ex

215 2738 281 2777 saeo
306 2728 403 2775 nostro
426 2720 626 2794 philosophice.
651 2722 731 2799 ‚Anno
754 2739 769 2776 a
792 2720 937 2778 conciliato
960 2721 1013 2777 Oro
1036 2722 1097 2795 Opt.
1121 2722 1186 2778 blaa.
1215 2724 1353 2780 thum
1377 2725 1475 2781 biensis

217 2806 285 2866 etii,
310 2802 416 2860 Romuli
439 2806 543 2878 prirno',
566 2805 609 2861 die
631 2805 706 2860 xtttt.

687 2972 785 3015 ousrs
810 2972 976 3022 noovrrvn
1034 3031 1035 3034 Ἴ
1107 2977 1111 2984 ’

429 3159 585 3221 Maeonides,
615 3168 703 3215 vatum
727 3161 862 3221 Oceanus,
886 3177 995 3234 quoque
1019 3160 1081 3216 talia
1105 3164 1188 3224 norit,

358 3261 381 3300 ar
494 3245 559 3299 llum
582 3262 673 3299 mures
694 3245 767 3300 ranis
789 3252 880 3301 cantat
903 3244 1001 3300 obesse
1024 3254 1128 3309 truces;

428 3328 561 3407 Virgiliu
580 3329 693 3385 culicem
716 3329 795 3392 lusit;
819 3329 864 3403 qui
888 3338 930 3384 est
954 3338 1048 3384 noster
1071 3329 1217 3394 Homerus,

492 3413 610 3468 Plurima
634 3421 689 3469 tum
713 3413 784 3470 lacili
807 3414 924 3469 carnrina
946 3412 1018 3469 culta
1042 3415 1114 3487 lyra,

429 3497 581 3554 Stulticiaan
603 3499 689 3554 «livam
712 3497 832 3555 celebrat
853 3498 959 3555 divinus
983 3497 1117 3560 Erasmus,

359 3601 383 3640 tu
496 3583 575 3639 Orbis
598 3585 700 3644 honos,
722 3583 819 3657 patriae
840 3584 951 3638 candida
975 3583 1053 3639 stella
1075 3584 1177 3657 plagae3

422 3667 547 3733 ,Nominis
570 3667 690 3733 lluttmo
712 3676 809 3723 autore
832 3675 874 3722 est
896 3675 1003 3723 cantata
1026 3668 1187 3742 Oliarybdis;

492 3752 585 3808 Omnis
608 3769 675 3825 ego,
699 3761 726 3807 et
748 3752 837 3807 nostri
860 3752 959 3806 stmrite
982 3768 1064 3824 pensa
1087 3752 1140 3808 coli
1165 3796 1266 3809 .....

215 4084 347 4123 tantun.
767 4049 888 4126 CXII.
1195 4084 1221 4117 n.
1229 4076 1263 4120 tt.
1271 4083 1354 4119 uana.
1369 4079 1457 4125 aetolo,

1171 4138 1475 4151 -————

507 4224 635 4281 huhrus
658 4225 832 4282 httthth'vs
854 4225 960 4280 zth'tto
983 4224 1046 4280 SVO
1073 4224 1099 4278 S.
1122 4226 1149 4281 ll.

263 4360 386 4418 Libellus
403 4378 483 4435 quem
499 4362 629 4435 petieram
646 4362 749 4436 accepi,
766 4362 813 4417 sed
830 4360 968 4435 querelam
984 4361 1155 4417 sacerdotum
1169 4362 1357 4420 beodiensium
1374 4364 1476 4422 oblitus

215 4446 255 4502 sti
279 4446 362 4502 simul
385 4447 504 4501 mittero.
547 4455 729 4520 porrexerunt
760 4446 797 4501 illi
826 4464 876 4520 per
904 4464 981 4501 suum
1011 4447 1135 4502 nuntium
1158 4448 1283 4504 schellam
1306 4450 1475 4525 principibus

215 4531 331 4588 rmaniae
355 4532 401 4604 qui
424 4532 561 4606 superiori
584 4538 679 4586 astate
702 4538 884 4586 convenerant
906 4531 976 4603 apud
1000 4533 1149 4604 Augustam
1165 4531 1380 4595 vindelicorum.
1402 4552 1476 4590 com-

215 4624 345 4673 etentem
368 4633 399 4670 ea
423 4633 485 4690 qum
498 4615 653 4671 bartolinus
678 4616 704 4670 iu
727 4615 794 4670 actis
817 4615 875 4670 eius
897 4625 1047 4670 reinventus
1070 4616 1185 4671 strictim
1209 4626 1349 4673 memorat.
1383 4618 1475 4692 itaque

215 4700 287 4757 aubis
311 4709 342 4755 ut
364 4700 397 4755 ad
419 4718 462 4755 nic
483 4700 647 4773 descriptam
670 4699 770 4755 mittas.
814 4698 943 4754 AGallis
966 4698 1115 4755 Germaniae
1137 4708 1239 4755 nostra·
1268 4700 1337 4756 male
1365 4710 1474 4758 metuo:

215 4804 238 4842 n
264 4785 288 4839 si
312 4802 406 4839 serum
429 4791 471 4839 est
495 4784 567 4857 quod
591 4782 672 4856 vulgo
697 4784 784 4839 lectur
807 4790 834 4838 et
857 4783 937 4839 etiam
961 4801 975 4838 a
998 4783 1176 4855 prudentibus
1198 4784 1272 4839 credi
1288 4793 1406 4856 caeptum
1423 4795 1474 4846 est,

215 4878 298 4926 ntem
321 4867 446 4924 videlieet
468 4868 603 4939 Peligardi
627 4868 684 4940 regi
708 4867 871 4924 Francorum
895 4867 1041 4923 obnoxium
1064 4885 1124 4922 esse
1147 4866 1261 4928 lactum,
1289 4875 1320 4922 ut
1348 4867 1419 4923 hune
1448 4871 1475 4923 in

215 4973 258 5011 aas
281 4960 396 5027 putetur
418 4951 492 5007 velut
515 4952 623 5025 pignori
647 4952 798 5008 subiectum
818 4960 1013 5024 occarpaturus,
1038 4950 1103 5024 quid
1119 4951 1198 5006 nohis
1213 4959 1315 5024 praeter
1329 4959 1476 5007 extremam

215 5038 360 5095 amitatem
389 5037 530 5092 imminere
558 5037 671 5091 censes?
705 5036 779 5092 misit
808 5038 879 5091 enim
906 5036 1044 5107 ingentem
1073 5036 1130 5089 arari
1160 5034 1212 5089 vim
1246 5035 1278 5090 ad
1307 5035 1416 5096 ducem;
1449 5046 1477 5092 ct

215 5138 334 5197 mquam
358 5122 385 5177 in
409 5122 590 5184 hocstudet,
619 5130 650 5176 nt
672 5119 809 5177 intestinis
832 5120 890 5192 ipsa
913 5119 1053 5174 Germania
1077 5118 1256 5175 seditionibus
1284 5136 1315 5174 ac
1336 5118 1415 5174 bellis
1437 5120 1477 5175 di·

438 5300 524 5353 oxu.
555 5301 677 5367 Zvinglii
690 5301 760 5366 Opp.
779 5300 878 5360 (lndlc.
891 5300 960 5349 bibl.
974 5300 1011 5349 n⁰.
1024 5299 1078 5363 81.)
1096 5299 1171 5365 pao.
1182 5316 1224 5364 sq.

242 5438 266 5475 ²⁹
287 5437 398 5504 arsuro]
419 5439 513 5490 Vlrico
532 5437 676 5502 Zwlnglio.
724 5436 747 5470 ³³
764 5435 911 5501 Bnrtoliu.]
931 5435 974 5485 Ol.
988 5453 1015 5501 p.
1027 5435 1085 5484 22⁴.
1132 5433 1155 5467 ³⁸
1172 5436 1258 5485 Mont.
1271 5431 1373 5501 Pelig.]
1392 5434 1479 5485 Mord-

215 5509 289 5586 lnrd‚
311 5525 486 5589 Mdmpelpart
507 5524 663 5573 Gerrnnaa'ae.
716 5520 738 5552 ³⁸
757 5516 866 5585 ducem]
884 5520 1007 5569 Vhicum
1025 5520 1303 5586 Virtembergensem.
