3625 7050
342 1218 430 1270 LVII.
450 1233 595 1270 nvrrnsvs
608 1233 719 1269 novom
732 1234 841 1269 cononi
855 1234 1016 1270 nocemus
1030 1234 1095 1270 sva.
1110 1234 1187 1269 vnio.
1202 1235 1228 1268 o.
1238 1229 1335 1270 tamuz.
1350 1233 1376 1269 Δ.
1388 1227 1446 1269 loll.
1495 1205 1567 1276 143

292 1506 426 1542 lvovm
444 1505 667 1540 vntnnmconvlt.
721 1525 724 1529 ν
861 1469 988 1546 LVII.
1373 1501 1405 1541 ¹2.
1419 1507 1476 1541 lvo.
1492 1502 1549 1542 lbll.

280 1558 681 1571 ....-——---——-
1357 1562 1570 1573 *-

907 1661 934 1719 1.

558 1764 565 1779 '
621 1794 915 1873 [liuprammo
932 1794 1217 1854 JruPERAlonls

291 1894 484 1948 LITTERAE
506 1895 811 1947 TESTIMONIALES
828 1897 878 1946 DE
896 1898 956 1946 HV
958 1896 981 1946 Τ
984 1895 1077 1946 ΤΕΝΟ
1096 1896 1250 1945 LAVREA
1271 1896 1409 1948 CORONA
1434 1900 1551 1950 ANNV-

238 1997 270 2035 5
675 1986 799 2048 LOQVE
816 1987 943 2039 AVREO
960 1988 1102 2039 occoltn
1110 1986 1169 2053 To]

359 2110 599 2172 Marrulcrnnrs
619 2110 722 2168 diuina
737 2107 859 2180 facente
880 2112 1034 2170 clementio
1053 2113 1160 2169 electus
1178 2109 1378 2170 Romanorum
1397 2111 1568 2187 Imperator
1576 2122 1612 2173 §.¹

275 2229 390 2288 semper
413 2213 577 2288 accustus,
605 2229 642 2271 ac
671 2211 843 2282 Germnnte,
873 2212 1045 2286 Hunaorie,
1073 2211 1236 2284 dalmatie,
1265 2212 1382 2272 Crootie
1409 2222 1462 2273 etc.
1490 2215 1568 2290 Iter,

276 2315 434 2375 Arcbidux
456 2317 588 2387 nmine,
616 2315 689 2374 Dux
711 2312 904 2386 Burpundie‚
930 2313 1096 2373 Brobantie
1116 2320 1185 2385 eto,
1216 2313 1315 2373 Cornes
1336 2316 1493 2376 Palatinus
1513 2327 1567 2378 etc.

274 2416 452 2478 Honorabili
468 2425 567 2477 nostro
587 2425 616 2476 et
633 2418 718 2475 socri
737 2415 864 2489 Imperii
885 2416 971 2487 fideli
996 2416 1077 2474 nobis
1099 2416 1205 2474 dilecto
1235 2417 1376 2476 tharico
1397 2418 1435 2476 de
1457 2419 1566 2479 Hutten

225 2519 366 2609 nPoele
392 2526 421 2579 et
443 2519 564 2579 Oratori
592 2519 727 2576 Gratiam
753 2525 883 2575 nostram
903 2517 1060 2576 Cesaream
1085 2523 1114 2575 et
1138 2533 1222 2577 omne
1245 2518 1360 2576 bonurn
1406 2518 1568 2582 Consanum
1578 2530 1622 2580 to.
1693 2543 1705 2550 ·

276 2620 401 2710 Cesar-ee
429 2623 582 2709 clementie
604 2621 735 2678 maxime
756 2621 818 2677 rati
836 2619 995 2678 honoribus
1015 2636 1128 2692 cupere
1143 2636 1206 2691 eos,
1228 2636 1353 2694 quorum
1372 2623 1487 2681 uirtutis
1506 2627 1568 2684 oli-

274 2739 334 2797 ano
356 2724 442 2798 opud
467 2722 556 2782 bonos
581 2724 660 2781 uiros
686 2723 850 2793 testificatio
875 2713 929 2794 sit,
958 2723 1038 2795 quod
1063 2722 1118 2779 boc
1144 2724 1233 2780 uoluti
1258 2725 1374 2782 stimulo
1395 2725 1439 2783 ad
1458 2728 1568 2800 optimo

272 2825 373 2885 dudio
394 2825 579 2900 capessendo
595 2825 723 2899 plurimi
746 2825 914 2882 incitentur.
935 2823 1044 2882 deinde
1063 2825 1107 2882 sic
1124 2830 1264 2898 putantes
1283 2826 1326 2883 ad
1345 2832 1475 2885 nostram
1493 2845 1569 2902 quo-

274 2943 331 3002 qne
348 2929 480 3001 ploriam
497 2929 661 3002 pertinere,
690 2928 718 2984 si
740 2927 843 3000 optimi
864 2927 1006 2999 cuiusque
1033 2928 1092 2984 vitu
1117 2933 1216 2985 nostro
1242 2927 1388 3001 imprimis
1409 2931 1570 2989 testimonio

234 3043 265 3084 z
270 3030 424 3108 probetur.
474 3030 558 3089 Vnde
579 3037 606 3088 te
636 3027 808 3087 b'dulricum
826 3025 984 3102 prefatum
1006 3044 1046 3087 eo·
1067 3027 1158 3087 nobili
1173 3027 1313 3102 Equitum
1334 3029 1463 3090 bomilia
1484 3034 1621 3092 com-§.a

274 3131 445 3191 mandatum
466 3132 548 3190 orabis
571 3147 590 3189 a
613 3122 749 3206 probotis
772 3129 937 3189 bominibus
957 3129 1098 3189 quenem
1118 3131 1253 3216 scientes,
1276 3132 1357 3205 quod
1377 3149 1478 3191 amore
1499 3136 1569 3193 lite-

274 3249 380 3293 rarum
395 3236 469 3293 exul
479 3232 596 3306 sactus,
618 3248 729 3306 muana
744 3231 867 3322 Europe
884 3236 1069 3306 perlustrata
1084 3239 1189 3306 porte,
1209 3235 1303 3308 multo
1318 3217 1398 3293 dura
1414 3244 1443 3295 et
1459 3238 1569 3296 acerba

275 3337 392 3409 tuleris,
420 3337 509 3394 etium
531 3337 589 3424 uite
607 3337 745 3410 pericula
766 3336 883 3403 inieris,
909 3335 999 3409 idque
1014 3343 1165 3394 assecutus
1181 3337 1235 3405 sis,
1258 3343 1290 3393 ut
1310 3338 1370 3395 iam
1389 3344 1441 3396 tuo
1455 3342 1570 3414 scriptu

274 3440 306 3496 in
324 3437 463 3496 manibus
484 3437 679 3509 naberentur,
700 3443 727 3495 te
748 3435 932 3495 doctissimus
952 3441 1075 3511 quisque
1092 3452 1151 3511 per
1172 3435 1293 3495 Itoliom
1312 3442 1430 3512 pariter
1447 3449 1476 3499 et
1491 3442 1570 3499 Ger-

225 3542 407 3599 nmoniam
434 3540 470 3599 ob
490 3542 639 3614 incenium
667 3556 705 3599 ac
728 3541 893 3613 politiorem
921 3541 1114 3599 eruditionem
1133 3538 1371 3612 familiarissime
1391 3545 1570 3617 complecte-

273 3649 372 3714 retur,
394 3659 433 3701 oc
453 3644 570 3700 mterim
591 3642 823 3701 clarissimorum
841 3641 991 3700 bominum
1003 3642 1125 3716 publice
1143 3643 1223 3701 odito
1242 3650 1381 3701 extarent
1397 3648 1569 3717 testimonia,

273 3744 379 3818 ambus
400 3746 479 3802 inter
495 3759 583 3812 raros
604 3750 631 3802 te
650 3745 836 3802 collocarent.
878 3743 918 3801 Et
933 3746 1004 3817 quio
1026 3751 1057 3802 tu
1080 3744 1123 3802 ad
1132 3747 1252 3818 ceneris
1264 3746 1472 3806 claritudinem
1489 3750 1624 3821 opu-§.s

274 3848 330 3906 mis
349 3846 456 3905 studiis
482 3848 635 3919 quasdam
660 3845 838 3904 nobilitatem
865 3846 1016 3915 adiecisti,
1039 3846 1161 3918 dianam
1185 3848 1370 3920 putarimus,
1398 3851 1451 3921 qui
1470 3855 1569 3907 nostro

274 3964 390 4023 quoque
416 3950 532 4007 calculo
551 3948 735 4023 probareris.
779 3946 818 4005 Te
838 3950 931 4020 icitur
960 3948 1132 4005 Vdalricum
1155 3963 1256 4005 eoram
1284 3955 1385 4006 nostra
1413 3948 1570 4008 Maiestate
1579 3955 1624 4005 §.s

225 4056 304 4110 *set
322 4052 437 4109 illustri
457 4049 626 4109 dulicorum
649 4057 814 4109 nostrorum
836 4056 904 4136 cetu
932 4052 1116 4107 constitutum
1131 4057 1221 4130 ,motu
1248 4052 1389 4124 proprio,
1421 4068 1461 4109 ccc
1486 4059 1569 4110 certa

274 4153 398 4213 scr'entia
419 4160 448 4211 et
467 4154 643 4211 auctoritate
663 4158 766 4210 nostru
785 4151 914 4240 Cesarea
933 4150 1055 4210 Laurea
1080 4167 1191 4210 corono
1220 4153 1407 4223 donavimus,
1432 4169 1569 4212 exorna-

275 4257 384 4327 vimus,
399 4271 548 4335 aureoque
566 4257 690 4330 insuper
710 4256 823 4312 annulo
844 4256 967 4328 iureque
983 4259 1011 4310 et
1031 4269 1087 4310 usu
1107 4255 1194 4311 aurei
1210 4256 1317 4313 annuli
1336 4254 1371 4313 ob
1389 4253 1569 4327 facundiam

274 4363 302 4416 et
320 4359 517 4430 eloquentiam
539 4363 619 4416 tuom
643 4358 861 4428 decubuimus,
888 4355 1129 4430 Laurentumque
1156 4362 1186 4414 et
1204 4357 1323 4415 Poetam
1345 4365 1374 4417 et
1401 4359 1515 4431 dotem,
1543 4366 1572 4418 ct

274 4466 423 4518 oratorem
446 4460 586 4517 disertum
600 4461 882 4533 pronunciouimus,
910 4465 1000 4532 prout
1019 4466 1119 4515 tenore
1139 4460 1318 4545 presentium
1338 4465 1366 4518 te
1387 4463 1494 4520 laureo
1516 4479 1570 4521 co-

225 4563 352 4621 ³trono
378 4577 437 4635 per
463 4577 569 4619 sacras
598 4578 705 4620 munus
731 4567 848 4621 nostras
875 4560 1060 4632 decoratum,
1085 4567 1263 4619 exornatum
1291 4566 1460 4639 annuloque
1478 4579 1571 4622 aureo

277 4663 449 4723 decoratum
469 4663 589 4722 Paetum
608 4670 637 4721 et
659 4664 760 4721 b'atem
782 4670 811 4721 et
823 4662 976 4721 Oratorem
993 4660 1163 4733 sumendum
1186 4661 1312 4720 dicimus
1332 4669 1361 4720 et
1377 4667 1569 4737 pronuncia*

277 4780 348 4825 mus.
389 4765 503 4824 Dolates
530 4772 558 4824 et
580 4766 771 4825 concedentes
793 4764 846 4823 tibi
870 4770 900 4822 et
925 4764 981 4823 boc
1007 4763 1131 4851 Cesareo
1156 4773 1255 4821 nostro
1278 4769 1436 4823 statuentes
1464 4767 1624 4838 edictali.

278 4867 356 4940 quod
372 4867 412 4926 de
431 4876 528 4927 cetero
546 4869 577 4925 in
594 4866 814 4941 quibuscunque
830 4866 936 4925 studiis
957 4873 985 4924 et
1001 4865 1192 4939 pennalibus
1211 4867 1356 4939 precipue
1375 4874 1434 4923 tom
1454 4868 1484 4923 ln
1505 4877 1570 4925 arte
1598 4896 1605 4903 ·

275 4972 389 5042 poetica
410 4986 500 5044 quam
521 4971 552 5027 in
572 4971 705 5027 oratorio
728 4972 841 5045 leyere,
872 4969 992 5039 docere,
1018 4969 1158 5041 profiteri
1176 4974 1206 5024 ot
1225 4970 1431 5041 interpretari,
1459 4984 1497 5026 oc
1518 4970 1570 5026 in-

281 5154 360 5206 LVH.
384 5153 655 5220 A=Apographum
674 5156 702 5203 in
714 5152 771 5203 MS.
786 5153 958 5217 Guelferbyt.
977 5150 1180 5213 „Collectanea
1198 5152 1231 5200 de
1250 5152 1310 5201 vita
1328 5168 1362 5201 ac
1380 5153 1492 5218 scriptis
1510 5151 1568 5202 Ulr.

280 5239 411 5291 Hutteni”
431 5239 478 5290 iol.
498 5238 556 5289 340.
603 5238 848 5288 l=Burckhardi
866 5240 915 5288 vit.
929 5239 1009 5286 Hutt.
1023 5237 1073 5286 111.
1088 5253 1113 5301 p.
1128 5236 1253 5286 75...79.
1297 5237 1478 5298 2=Miinch‚
1499 5236 1569 5303 Opp.

751 5312 864 5373 Houl.
878 5340 903 5388 ρ.
918 5322 1093 5371 LII...LIV.

341 5460 570 5512 ’Vdalricolz
649 5458 670 5491 ¹²
688 5461 760 5523 quod
778 5458 839 5524 hoc]
859 5476 878 5529 q
897 5460 949 5511 hoc
968 5462 1002 5510 A.
1022 5464 1092 5526 quod
1107 5461 1153 5509 bos
1168 5463 1225 5509 1.2.
1296 5454 1317 5488 ¹¹
1335 5438 1432 5527 nfaAU.
1486 5458 1572 5523 inpri-

282 5548 327 5598 mis
340 5551 399 5598 1.2.
456 5546 477 5579 ¹⁸
496 5547 587 5597 adsec.
602 5549 627 5594 2.
681 5544 703 5578 ²⁰
722 5543 823 5610 ac],et
835 5550 861 5595 2.
915 5544 937 5577 ²⁸
955 5546 1117 5611 probaveris
1131 5548 1156 5594 2.
1211 5543 1232 5577 ³³
1251 5549 1356 5594 caetern
1369 5546 1394 5591 2.
