3625 7050
251 1213 300 1286 38
334 1224 437 1278 xxm.
450 1241 488 1276 ιι
499 1240 589 1278 umor.
600 1238 723 1276 cossam
736 1237 856 1275 uvrrsnr
868 1238 905 1275 un
918 1239 1058 1276 sensura.
1083 1225 1201 1277 XXIIII.
1214 1241 1250 1276 rx
1259 1239 1397 1276 rrvsmu
1406 1239 1547 1277 rusum.

251 1401 349 1464 nolim,
372 1415 472 1474 sequar
485 1416 542 1454 ros.
587 1397 652 1454 Nam
674 1397 810 1472 epistole:
820 1405 919 1455 vcstrae
934 1414 990 1454 non
1006 1397 1095 1454 solum
1111 1404 1213 1454 teretes
1229 1406 1294 1454 sunt
1313 1407 1397 1473 atque
1417 1399 1548 1462 rotunde

252 1487 299 1544 sed
315 1486 396 1542 ctiam
418 1483 492 1540 velut
507 1481 583 1557 asylo
598 1483 712 1539 concitae
727 1482 829 1539 fulmen
845 1483 960 1564 habent:
987 1490 1014 1538 et
1029 1500 1090 1539 cum
1105 1482 1151 1538 alii
1171 1483 1346 1546 admoneant,
1372 1501 1422 1540 vos
1442 1485 1548 1557 cogitis.

252 1570 363 1633 Amabo,
380 1569 444 1625 boni
460 1568 525 1631 viri,
542 1568 606 1642 quid
622 1567 720 1623 vultis?
741 1568 763 1623 si
779 1584 887 1641 possem
904 1567 1035 1642 prodesse
1051 1567 1141 1630 robis,
1167 1575 1272 1642 patrem
1288 1585 1406 1642 agerem.
1453 1569 1549 1643 Atqui

253 1656 382 1730 possum?
409 1652 558 1727 imploravi,
584 1658 616 1708 ut
642 1660 730 1709 tecum
757 1669 828 1708 nunc
855 1669 946 1726 agam.
972 1650 1096 1714 llobane.
1125 1652 1253 1709 auxilium
1275 1651 1424 1709 Herebordr
1448 1693 1547 1707 .....

252 1739 433 1795 llartmaunus
448 1737 575 1812 princeps
595 1745 784 1793 sacrosanctus
804 1736 1021 1792 studiosissimus
1036 1744 1125 1796 estut
1140 1736 1308 1810 reipublicae.
1330 1738 1367 1793 ita
1384 1739 1469 1794 totius
1491 1737 1550 1793 lite·
1569 1737 1580 1788 i

253 1823 318 1880 rarii
334 1823 451 1885 ordinis,
472 1839 566 1885 verus,
589 1822 758 1885 mihicrede,
775 1821 904 1879 llmccuas
919 1821 1008 1877 aetatis
1023 1828 1140 1883 nostrae:
1156 1821 1266 1878 Crotum
1281 1821 1387 1895 diligit.
1409 1840 1454 1878 me
1469 1829 1548 1884 amat,

254 1908 366 1981 dignus,
382 1906 504 1969 liobauc,
527 1924 606 1981 quem
622 1906 704 1963 llusae
725 1913 778 1963 tuae
795 1905 893 1962 tollant
914 1906 947 1962 ad
962 1913 1044 1962 astra.
1074 1901 1181 1983 V[ale].
1212 1905 1322 1964 Eidibus
1337 1907 1449 1962 llartiis.
1465 1905 1518 1961 XV.

720 2175 728 2177 ,
739 2165 1097 2184 -....-.-.-.-

815 2437 984 2522 ΧΧΠΠ.

777 2658 827 2708 nx
843 2656 1026 2708 urrsrons

529 2759 693 2822 GONRADI
715 2759 870 2821 MVTIANI
892 2758 990 2820 oxu.
1014 2759 1062 2820 lu
1085 2758 1273 2822 VRBANVM.
1561 2780 1585 2821 n

341 2918 463 2974 Coenanti
483 2917 549 2973 mihi
564 2917 676 2973 redditu
691 2924 755 2973 sunt
769 2916 882 2973 liutteni
897 2923 925 2972 et
936 2916 1011 2973 Croti
1026 2915 1122 2973 litera.
1151 2917 1341 2991 dequeruntur
1360 2925 1388 2973 et
1408 2933 1453 2974 me
1476 2919 1554 2992 quasi

257 3001 398 3079 postulant
413 3002 554 3058 brevitatis
569 3003 596 3057 in
611 3000 763 3058 scribendo.
793 3002 900 3057 Amoris
916 3001 942 3056 id
958 3009 1013 3057 est:
1034 3001 1082 3076 qui
1096 3010 1175 3064 amat.
1203 3003 1311 3059 nonnisi
1326 3001 1556 3076 locupletissimas

258 3094 390 3162 expectat.
420 3104 473 3160 ego
488 3103 552 3142 vero
567 3086 712 3142 Laconicas
727 3086 831 3142 scribo:
857 3085 947 3161 placet
960 3085 1164 3161 μωρολογεῖν,
1189 3086 1315 3160 displicet
1334 3088 1423 3143 otiosa
1438 3086 1555 3143 latitudo

258 3179 286 3227 ct
300 3171 378 3245 copia
394 3188 449 3227 non
464 3169 540 3226 valde
555 3170 715 3226 necessaria.
746 3172 792 3245 qui
807 3179 898 3227 mente
914 3178 1125 3233 nonvconstant,
1151 3171 1244 3227 insana
1266 3171 1346 3228 verba
1366 3189 1399 3227 cx
1414 3189 1476 3228 sese
1491 3189 1556 3247 pro·

259 3263 349 3320 munt;
365 3256 411 3329 qui
424 3256 503 3329 sapit,
519 3272 603 3329 pauca
614 3254 752 3329 loquitur:
773 3256 825 3311 tria
837 3254 926 3317 verbs,
949 3255 974 3310 id
990 3263 1032 3311 est
1047 3273 1145 3329 pauca:
1162 3264 1219 3312 tres
1233 3264 1339 3312 tantum
1353 3255 1502 3329 collegium
1517 3255 1555 3312 ia·
1565 3271 1588 3312 rs

257 3341 347 3402 ciunt,
373 3347 405 3396 ut
426 3340 514 3413 inquit
530 3339 619 3395 lCtus:
652 3340 674 3395 si
691 3348 747 3396 tres
768 3347 858 3413 poete
878 3339 1005 3396 sederent
1028 3341 1054 3395 in
1076 3340 1195 3414 collegio
1217 3349 1244 3396 et
1259 3341 1348 3398 Caesar
1361 3339 1557 3397 llaximilianus

259 3425 377 3488 veniret,
398 3442 453 3480 non
475 3431 659 3496 assurgerent.
688 3425 723 3480 ita
740 3423 791 3480 sibi
807 3424 895 3499 placet
911 3424 963 3480 hoc
977 3441 1064 3497 genus
1079 3425 1226 3481 hominum.
1273 3425 1357 3481 lulius
1372 3424 1476 3488 Cesar,
1501 3443 1556 3482 am-

260 3509 399 3586 plissimus
414 3518 442 3566 et
457 3503 665 3567 florentissimus
681 3510 734 3572 vir,
760 3510 788 3565 in
803 3508 949 3583 collegium
965 3517 1106 3585 poetarum
1122 3528 1183 3568 cum
1203 3511 1335 3574 venisset,
1357 3511 1454 3568 Accius
1475 3509 1565 3586 pocta

260 3613 315 3651 non
331 3596 493 3657 assurrexit,
513 3612 568 3651 non
583 3595 733 3651 maiestatis
749 3595 807 3650 cius
822 3595 976 3657 immemor,
998 3595 1045 3651 scd
1066 3595 1138 3670 qarod
1160 3612 1190 3652 se
1212 3596 1239 3651 in
1259 3596 1368 3651 musicis
1389 3596 1488 3652 studiis
1508 3595 1557 3652 ali-

261 3689 364 3754 quanto
380 3680 548 3755 superiorem
565 3697 625 3736 esse
640 3679 796 3737 confideret.
832 3674 903 3741 idco,
919 3679 955 3734 mi
971 3678 1084 3742 Urbane.
1100 3697 1196 3736 vereor
1211 3680 1383 3736 insolentiam
1399 3684 1589 3755 poetarumzw

261 3783 316 3821 uon
331 3766 418 3822 audeo
433 3783 494 3821 cum
510 3765 552 3820 his
567 3765 684 3839 ingeniis
698 3773 818 3827 certare;
846 3764 927 3824 cedo,
954 3763 1064 3820 herbam
1080 3765 1124 3820 do.
1165 3765 1211 3820 hui
1234 3764 1371 3838 quomodo
1393 3765 1557 3821 insultarent

261 3851 333 3913 milri,
350 3851 373 3906 si
389 3850 469 3906 unico
484 3848 567 3905 verbo
582 3849 750 3906 stomachum
766 3848 833 3922 ipsis
847 3864 997 3919 moverem:
1013 3866 1075 3905 acer
1090 3857 1118 3905 ct
1132 3850 1275 3905 vehemens
1291 3849 1396 3905 lllricus
1412 3849 1556 3913 lluttenus.

261 3944 289 3991 ct
305 3953 418 4009 magnus
434 3943 529 4009 poeta.
545 3934 592 3991 sed
608 3933 683 3997 talis.
700 3944 731 3991 ut
746 3934 883 3990 levissimo
898 3933 972 3989 dicto
987 3933 1089 3989 irritari
1105 3935 1201 4008 possit.
1236 3935 1353 3990 Parcant
1367 3935 1433 3990 mihi
1450 3936 1502 3991 ista
1518 3935 1558 3989 in·

261 4021 349 4093 gcnia,
366 4038 395 4076 sc
410 4021 475 4076 mihi
490 4019 652 4094 praeierant:
673 4019 754 4093 cupio
770 4027 798 4075 et
813 4018 904 4093 patior
918 4018 987 4074 vinci
1003 4017 1036 4072 ab
1052 4017 1119 4081 illis;
1136 4035 1271 4092 nunquam
1288 4018 1382 4092 glorias
1396 4019 1500 4095 studui.

818 4166 997 4175 ————

653 4217 769 4266 XXIIII.
788 4218 983 4281 MutinuiEpp.
998 4216 1058 4267 citt.
1070 4217 1160 4280 pons.
1565 4227 1594 4269 ιε

329 4416 341 4451 ⁴
357 4415 522 4483 Herebordi]
542 4419 698 4484 Margariti.
768 4418 779 4449 ⁵
795 4419 985 4471 Hartmaunus
1000 4436 1091 4471 comes
1104 4421 1138 4471 de
1151 4421 1320 4485 Kirchberg,
1340 4426 1397 4470 tum
1410 4421 1559 4473 Fuldensis

264 4504 372 4554 ubbus.⁸
413 4502 424 4535 ⁶
442 4505 594 4553 Mecacnas
611 4503 721 4553 I'entzel.

332 4586 352 4620 ¹⁴
369 4586 457 4654 nrum]
474 4592 525 4639 vult
542 4587 665 4639 breviter
682 4587 815 4639 scribere.
870 4588 890 4620 ¹⁶
913 4587 1006 4655 Ictus]
1025 4590 1156 4639 Neratius
1173 4590 1285 4639 Priscus
1303 4591 1377 4655 apud
1394 4591 1559 4642 Marcellum

263 4675 295 4724 L.
308 4673 349 4723 85.
363 4675 398 4723 D.
411 4674 444 4723 de
457 4673 620 4735 v.s.50‚ic.,
645 4674 723 4724 cuius
740 4679 835 4724 tamen
851 4676 1020 4725 sententium
1043 4675 1129 4734 bouus
1147 4676 1288 4724 Mutinuus
1305 4673 1359 4723 h.l.
1378 4691 1475 4739 parum
1493 4681 1559 4741 apte

263 4764 404 4809 memorat.
457 4756 478 4791 ¹⁸
495 4760 597 4810 Accius
609 4756 703 4826 poeta]
731 4760 779 4823 „Is
791 4759 863 4812 Iulio
877 4760 983 4810 Caesari
1001 4757 1145 4825 [Strabone
1168 4760 1366 4813 non‘dictatort.
1389 4761 1421 4810 de
1440 4776 1489 4826 quo
1502 4760 1559 4810 :llu-

262 4846 346 4893 tianuo
365 4845 496 4909 conflauit,
518 4846 577 4906 †a.
591 4851 649 4894 ante
672 4841 789 4908 const]
818 4843 987 4909 amplissimo
1006 4849 1035 4894 et
1055 4844 1248 4894 florentissimo
1268 4844 1328 4892 viro
1349 4844 1379 4893 iu
1403 4844 1560 4909 conlegium

254 4934 406 4995 ‚poetarum
418 4930 543 4979 venienti
561 4944 708 4995 numquam
726 4929 894 4991 adsurrexit,
914 4944 968 4978 uon
978 4930 1137 4978 maiestatis
1149 4929 1209 4978 eius
1221 4929 1362 4989 inmemor,
1386 4928 1436 4979 sed
1448 4928 1521 4994 quod
1532 4928 1559 4977 in

265 5014 464 5080 conparatione
478 5015 652 5066 conrnunium
665 5014 817 5064 studiorum
830 5013 974 5078 aliquanto
990 5014 1160 5079 superiorem
1177 5028 1207 5062 sc
1226 5028 1287 5063 esse
1305 5011 1471 5073 confideret,
1495 5027 1558 5078 quc-

264 5104 376 5164 propter
398 5098 554 5148 insolentiae
573 5099 687 5149 crimine
700 5100 803 5158 curarit,
831 5098 896 5163 quic
913 5098 953 5147 ibi
966 5096 1146 5158 voluminum,
1164 5112 1218 5146 non
1237 5096 1388 5162 imaginum
1405 5098 1558 5148 certamin·

265 5183 494 5233 exercebantur.“
518 5182 611 5233 Valer·
624 5184 697 5233 Mox.
710 5183 761 5232 III.
775 5182 803 5244 7,
820 5180 869 5255 ll.¹

708 5400 1106 5419 ⁴---—--·-——---
