3625 7050
215 1231 264 1293 bx.
273 1243 460 1281 seraranan
470 1243 674 1280 nuncupamur.
692 1237 749 1278 tart.
768 1229 841 1279 LXI.
850 1242 954 1278 ansani
968 1236 1322 1280 transmontanorum
1335 1237 1394 1279 tota.
1432 1216 1500 1286 149

215 1404 283 1474 roris
304 1410 540 1478 propugnatores,
563 1420 678 1477 quorum
703 1402 841 1476 posterior
864 1401 909 1457 ille
931 1400 1132 1476 posterioribus
1153 1402 1186 1458 ad
1208 1420 1251 1460 me
1273 1402 1361 1459 literis
1383 1404 1439 1459 suis
1455 1421 1501 1460 vo·

216 1490 271 1550 uit,
305 1497 337 1544 ut
356 1489 475 1562 <quoties
504 1488 536 1544 ad
566 1495 592 1543 te
619 1487 780 1548 scriberem,
816 1487 857 1543 sui
888 1487 1004 1543 lacerem
1031 1487 1207 1542 honorificam
1229 1489 1403 1544 mentionem.
1448 1489 1499 1544 Sed

215 1574 270 1648 puid
292 1590 417 1629 auserem
440 1591 482 1630 me
505 1572 581 1629 iubet
603 1573 718 1628 stridere
742 1573 813 1628 inter
835 1572 945 1628 olores?
968 1572 1014 1628 ille
1036 1581 1126 1627 tamen
1148 1590 1208 1628 cuin
1231 1573 1267 1628 sit
1282 1573 1396 1636 amicus,
1421 1573 1499 1630 lacile

215 1658 381 1720 ›btinet,.ut
403 1675 500 1732 parere
521 1657 611 1713 malim
634 1658 715 1714 etiam
738 1658 847 1731 ineptus
870 1675 950 1731 quam
974 1657 1120 1731 impictatis
1142 1657 1301 1713 insimulari.
1346 1658 1385 1713 Tu
1407 1665 1553 1716 autemtt·

215 1743 281 1801 tosti
304 1743 421 1799 bominis
444 1743 598 1816 ingenium,
628 1760 731 1803 mores,
763 1742 895 1798 indolem:
924 1751 1025 1816 praeter
1047 1743 1161 1797 virtutes
1189 1750 1217 1797 et
1238 1743 1385 1814 genirinum
1407 1742 1498 1816 splen·

215 1829 300 1885 locem
324 1835 399 1883 totus
422 1835 465 1883 cst
486 1828 630 1890 candidus,
659 1827 751 1883 cultus
773 1835 856 1901 atque
882 1827 1009 1900 elegans;
1039 1835 1066 1883 te
1089 1827 1125 1883 ita
1149 1825 1289 1890 observat,
1317 1836 1347 1882 ut
1370 1829 1497 1901 praeierat

215 1912 287 1969 stiam
311 1912 486 1976 uoinssariis;
514 1912 608 1968 literas
637 1912 673 1968 ita
702 1913 781 1975 colit,
811 1920 841 1968 ut
868 1911 971 1967 nullum
1000 1911 1138 1968 barbaries
1165 1913 1297 1968 acriorem
1325 1912 1426 1967 sentiat
1448 1913 1497 1967 bo·

215 2005 284 2054 item.
329 1998 351 2051 Α
374 1996 508 2052 Glareano
539 2015 648 2071 quoque
677 2015 691 2052 c
714 1997 806 2052 Galliis
834 2014 923 2070 nuper
945 1997 1038 2052 literas
1060 1997 1165 2071 accepi,
1195 1997 1240 2053 ubi
1263 1998 1365 2071 parteis
1387 2004 1552 2056 nostrast-⁵.

217 2089 301 2138 eucut
323 2082 423 2137 eruditi
445 2081 567 2156 aliquot,
592 2092 709 2156 quorum
731 2082 817 2138 indies
840 2091 953 2155 expecto
976 2082 1101 2156 praesidia
1104 2124 1251 2137 .......
1262 2100 1276 2136 a
1292 2124 1392 2136 .....
1427 2082 1498 2137 llcue

215 2166 271 2226 ale.
294 2166 422 2224 Coloniae.

219 2550 397 2585 annulatam.
796 2515 897 2589 LXI.
1260 2545 1263 2550 '
1296 2543 1327 2584 lli.
1341 2549 1405 2582 AVG.
1421 2542 1478 2582 lbl'l.

636 2707 788 2763 auasnvs
809 2664 960 2763 ensinio
983 2707 1009 2761 s.
1033 2705 1060 2760 o.

288 2844 453 2916 llagnoperc
481 2842 545 2898 mibi
574 2843 753 2917 displicebant
782 2842 905 2917 epistolae
934 2842 1112 2899 obscurorum
1147 2843 1266 2898 virorum
1299 2844 1350 2899 iam
1380 2850 1435 2898 tum
1464 2842 1497 2897 ab
1510 2848 1555 2897 §.t

215 2929 299 2985 nitio:
320 2927 458 2984 delectare
480 2928 616 3001 potuisset
634 2929 743 2990 lacctia,
768 2928 817 2983 nisi
834 2927 945 2983 nimium
969 2928 1128 2982 ollandissct
1151 2928 1310 3001 exemplum.
1355 2927 1417 2982 llihi
1441 2926 1497 3000 pla·

215 3022 247 3070 et
269 3013 362 3072 lusus,
393 3013 439 3067 sed
467 3012 535 3067 citra
561 3013 720 3086 cuiusquam
749 3012 949 3068 contumeliam.
995 3013 1042 3068 scd
1065 3012 1207 3067 irralestius
1230 3013 1280 3068 luit
1304 3012 1376 3085 quod
1400 3013 1426 3067 iu
1449 3030 1497 3085 po·

218 3099 322 3154 teriora
344 3097 464 3153 editione
486 3097 537 3153 mei
561 3114 670 3170 quoque
686 3098 803 3153 noirrinis
818 3096 983 3152 mentionem
999 3097 1204 3157 admiscuerint,
1229 3098 1305 3171 quasi
1322 3115 1416 3171 parum
1432 3097 1497 3152 luis·

215 3189 247 3240 et
269 3183 400 3255 ineptire.
424 3181 475 3237 nisi
491 3199 541 3237 nos
564 3199 672 3255 quoque
695 3190 836 3238 vocassent
858 3182 884 3237 in
909 3182 1046 3244 iuvidiam,
1069 3189 1096 3237 ct
1119 3200 1242 3254 magnam
1264 3170 1368 3256 partem
1390 3182 1495 3237 tructus

216 3276 247 3323 ot
270 3266 422 3322 studiorum
451 3265 590 3322 laboribus
618 3267 730 3339 expetiti
759 3254 955 3340 corrupissent.
1000 3267 1037 3321 Ne
1060 3267 1086 3321 id
1109 3267 1217 3340 quidem
1241 3267 1307 3322 satis
1330 3276 1371 3322 est
1394 3267 1556 3324 visarnei.

215 3369 239 3408 an
261 3350 333 3407 alter
354 3350 462 3406 libellus
490 3351 576 3424 priori
605 3350 750 3414 adsimilis,
780 3352 806 3406 in
836 3351 934 3425 quibus
961 3350 1056 3406 erebra
1086 3352 1187 3406 irrentio
1214 3352 1244 3406 bt
1272 3370 1367 3407 eorum
1396 3350 1495 3424 ‹pribus

215 3437 263 3493 cio
285 3434 362 3491 lusus
385 3435 538 3491 huiusmodi
560 3453 730 3509 nequaquam
754 3435 872 3510 probari.
917 3435 1000 3503 iliram
1023 3435 1091 3491 male
1113 3435 1260 3492 consulunt
1275 3436 1320 3492 isti
1336 3454 1391 3491 non
1407 3435 1495 3491 solum

215 3521 378 3595 nseipsos,
402 3520 450 3576 sed
473 3519 553 3576 etiam
577 3521 603 3577 in
627 3539 721 3578 omnes
744 3520 842 3595 quibus
864 3521 943 3577 bonae
966 3521 1051 3577 litcrm
1066 3521 1154 3578 abarae
1177 3530 1249 3577 sunt.
1294 3520 1346 3577 lam
1370 3520 1436 3577 illud
1452 3528 1551 3582 estat.

215 3606 327 3663 amnium
354 3604 576 3666 molestissimum
605 3607 686 3670 mibi,
715 3607 738 3663 si
766 3608 845 3663 inodo
874 3624 966 3663 rernm
993 3615 1035 3661 est
1066 3607 1138 3680 quod
1167 3607 1232 3661 mibi
1263 3607 1343 3662 istinc
1372 3624 1496 3661 reversus

215 3690 324 3748 'amulus
347 3707 423 3746 meus
444 3690 557 3748 lacobus
579 3691 710 3753 narravit,
733 3692 803 3765 apud
825 3691 980 3765 complures
1003 3690 1096 3747 baberi
1119 3690 1239 3746 Coloniae
1262 3689 1381 3746 libellum
1404 3690 1496 3745 nescio

215 3793 288 3851 {uem
317 3776 343 3830 in
371 3775 467 3831 lulium
498 3775 666 3849 pontificem,
694 3777 830 3849 quomodo
859 3784 983 3832 mortuus
1012 3775 1137 3831 exclusus
1160 3776 1195 3829 sit
1217 3774 1284 3831 caelo
1307 3792 1356 3849 par
1377 3776 1495 3830 Petrum.

215 3860 350 3917 ludicram
374 3860 425 3915 iam
448 3861 552 3933 pridem
574 3861 729 3917 huiusmodi
752 3860 869 3916 fabulam
891 3869 977 3916 actam
1000 3860 1027 3914 in
1050 3859 1148 3920 Gallia,
1178 3859 1222 3913 ubi
1246 3858 1339 3914 talium
1363 3876 1495 3931 nugarum

215 3944 349 4004 mmodica
371 3944 480 4001 licentia
503 3963 611 4018 semper
634 3946 693 4001 luit.
717 3963 774 4001 eam
797 3946 896 4019 opinor
917 3944 1015 4018 aliquis
1038 3944 1066 3999 in
1087 3944 1211 3999 Latinum
1234 3961 1385 3999 sermonem
1410 3952 1497 3998 trans·

216 4029 277 4086 ulit.
321 4030 440 4086 demiror
463 4030 526 4103 quid
550 4030 658 4086 istisin
681 4038 798 4087 urentem
821 4030 923 4092 veniat,
946 4047 1007 4085 cum
1030 4029 1069 4084 sic
1090 4028 1178 4084 ocium
1200 4037 1229 4083 ct
1244 4046 1353 4102 operam
1370 4027 1495 4101 perdunt.

215 4122 326 4172 :etenum
348 4114 468 4170 admiror
490 4132 550 4170 osse
573 4115 620 4188 qui
643 4115 817 4188 suspicentur
839 4123 891 4169 tam
915 4114 1049 4187 insignem
1072 4114 1200 4187 ineptiam
1222 4131 1237 4168 a
1266 4131 1309 4169 me
1331 4115 1496 4187 prolectam

215 4200 306 4275 opinor
333 4198 368 4255 ob
397 4199 423 4255 id
452 4199 524 4272 quod
548 4217 638 4254 sermo
661 4200 778 4256 tortasse
801 4200 836 4254 sit
858 4199 940 4273 paulo
963 4199 1092 4255 batiolam
1136 4198 1199 4253 Lusi
1223 4198 1330 4272 quidem
1355 4198 1381 4252 in
1400 4197 1554 4259 Meriana.

215 4284 251 4340 ted
276 4284 432 4344 incruente:
463 4283 564 4338 nullius
592 4285 689 4339 lamam
717 4284 875 4341 nominatim
904 4284 1066 4358 perstrinxi,
1096 4283 1124 4338 in
1151 4301 1242 4339 morcs
1270 4284 1407 4338 hominum
1431 4283 1496 4338 lusi·

215 4386 278 4434 nus,
303 4385 359 4424 non
382 4368 408 4422 in
432 4368 530 4423 lamam
552 4368 699 4424 bominum.
745 4369 845 4436 Quodsi
869 4386 932 4425 vera
955 4368 1020 4424 mihi
1048 4368 1184 4424 nunciavit
1211 4368 1343 4430 larnulus,
1370 4368 1496 4423 mondum

215 4454 275 4509 raim
300 4452 367 4508 satis
395 4453 491 4514 creda,
521 4470 614 4526 quaeso
637 4461 677 4515 te,
708 4453 749 4507 vir
777 4454 891 4527 optime,
921 4462 954 4508 ut
974 4454 1127 4509 istiusmodi
1150 4471 1236 4525 uirgas
1259 4454 1354 4527 impias
1376 4472 1427 4527 pro
1451 4461 1497 4508 tua

215 4537 274 4595 triti
299 4537 461 4613 premendas
483 4554 563 4593 cures
585 4537 662 4611 prius
685 4555 764 4610 quam
788 4540 968 4600 excudantur,
996 4555 1051 4594 non
1080 4539 1153 4612 quod
1181 4539 1226 4593 isti
1253 4539 1328 4611 digni
1351 4546 1416 4594 sunt
1438 4538 1497 4612 qui·

215 4722 273 4773 all.
296 4719 358 4769 l=
368 4718 569 4782 tamentationes
585 4716 589 4781 Ι
605 4716 771 4779 obscurorum
795 4721 905 4773 altorum
921 4734 991 4772 non
1011 4719 1016 4783 1
1034 4720 1174 4784 prohibito
1197 4735 1246 4784 por
1271 4718 1362 4769 sedem
1384 4717 1498 4784 Aposto-

215 4808 294 4857 lcam.
310 4800 316 4870 Ι
332 4799 458 4868 Epistola
483 4803 517 4851 D.
535 4801 643 4852 Erasini
661 4803 853 4854 Roteroaamt:
882 4804 947 4867 quid
970 4803 1004 4853 da
1028 4801 1172 4866 oblicuris
1196 4801 1307 4852 sentiat.
1332 4804 1365 4852 cii
1394 4804 1497 4852 ceteris

215 4886 404 4941 uibusd51n6
428 4888 517 4937 miuus
539 4887 615 4937 lectu
631 4884 636 4953 Ι
651 4888 759 4938 iueildis
783 4885 805 4956 tp
826 4889 940 4953 cognitu
963 4884 1138 4951 neccssarije.
1168 4886 1210 4949 (Γ)
1230 4886 1288 4936 loll.
1307 4887 1343 4936 4⁰.
1367 4888 1399 4936 ln
1417 4885 1496 4949 fluet)

215 4970 332 5043 npteffe
351 4974 432 5023 Anno
449 4973 553 5022 domini
569 4974 605 5022 Μ.
623 4968 628 5037 l
643 4969 861 5023 cccccxvm.
882 4971 929 5022 sol.
942 4972 965 5020 A
978 4969 1008 5020 4⁵
1021 4981 1055 5021 tto.
1074 4998 1109 5007 —
1126 4970 1207 5032 (itam
1220 4972 1366 5037 sequeutia
1379 4972 1496 5021 Lamen-

215 5061 338 5111 itionum
357 5058 484 5123 exempla
501 5058 574 5107 hone
593 5058 701 5107 Erasmi
720 5057 866 5123 epistolam
883 5057 1009 5121 babent.)
1060 5057 1123 5104 2:
1134 5057 1243 5107 Erasmi
1255 5052 1325 5122 E'pp.
1344 5055 1416 5120 (lud.
1430 5054 1497 5104 bibl.

558 5140 688 5204 n⁰.51,s.)
707 5159 732 5207 p.
749 5140 822 5191 1622.
836 5156 877 5206 eq.
890 5141 1014 5206 Append.
1028 5139 1066 5190 11⁰.
1080 5156 1143 5193 ccx.

262 5278 288 5314 ¹¹
306 5277 429 5330 cesario
442 5281 466 5328 1.
486 5285 512 5327 ιιι
525 5277 616 5344 utaque
628 5294 680 5343 pro
690 5284 799 5346 reponit⁸
815 5294 839 5328 e.
876 5276 1016 5327 Caesarius
1029 5276 1153 5327 Coloniae
1171 5277 1197 5325 d.
1211 5274 1252 5325 30,
1266 5276 1317 5325 Iul.
1332 5291 1358 5325 a.
1374 5274 1447 5325 1517.
1462 5275 1497 5325 ad

215 5380 345 5418 numum
355 5362 470 5413 litteras
479 5363 595 5413 dederat
606 5362 640 5413 de
654 5377 747 5413 causae
756 5362 969 5413 Reucblinianae
979 5366 1055 5411 statu
1064 5361 1233 5410 adversariis
1243 5359 1368 5410 dolendo.
1422 5357 1443 5390 ¹⁴
1457 5360 1497 5408 fa·

215 5454 275 5502 acia
288 5450 317 5499 t.
377 5444 398 5478 ¹⁸
417 5445 525 5512 quibua]
544 5463 577 5496 aar
595 5448 667 5512 quo?
729 5445 750 5480 ²¹
769 5447 1004 5497 libertatatem
1021 5446 1091 5509 infra
1108 5450 1134 5496 tt
1195 5444 1216 5477 ²⁴
1236 5444 1339 5495 Omntno
1354 5445 1437 5508 satem
1459 5450 1498 5494 eat
1563 5491 1572 5512 ,

215 5533 489 5599 ’νωιιιωάιιίὶαιορο
504 5531 616 5595 ‘Iuliua',
630 5533 700 5600 obp.
711 5532 767 5583 151.
782 5531 868 5583 noti).
913 5529 936 5563 fl
953 5532 1078 5582 otiumt.
1122 5529 1143 5563 ⁸¹
1162 5531 1288 5593 Queait.
1324 5530 1497 5581 nuntiavitt.
