3625 7050
291 909 365 985 216
435 923 492 976 XO·
513 939 635 976 lavarem
649 938 686 974 ΔΙ)
699 938 811 974 sancitu.
825 938 867 973 ΕΡ.
882 937 955 974 Vl‘l'AE
969 936 1027 973 SVAE
1040 936 1102 972 ΜΤ.
1117 937 1200 974 BEDD.
1214 937 1240 974 D·
1254 929 1290 973 75.
1304 938 1364 974 OGT.
1380 928 1439 972 1518·

221 1104 287 1156 §.ns
297 1098 382 1158 uobis
396 1096 551 1177 Ryphaeos,
574 1094 639 1155 illos
653 1094 861 1182 Hyperboreos
876 1102 991 1155 montes
1006 1093 1128 1173 explica.
1160 1094 1291 1155 Accessit
1304 1113 1353 1154 me
1373 1093 1449 1163 heri,
1473 1090 1579 1154 Besilea

291 1200 424 1264 veniens,
451 1216 509 1257 nou
531 1199 607 1257 risus
629 1204 697 1258 ante
713 1196 971 1274 Oeeolampmdius,
994 1198 1128 1257 dentatus
1144 1195 1312 1274 tlieologus3
1335 1197 1420 1257 cuius
1440 1195 1580 1263 dentibus,

292 1403 332 1462 xit
347 1401 501 1462 Erasruum
526 1402 561 1460 ad
580 1399 773 1460 liraliantiuos
791 1418 860 1459 snos
882 1402 1019 1468 rediisse,
1039 1420 1137 1460 irieiun
1159 1400 1310 1461 Neminem
1330 1401 1359 1460 in
1383 1401 1499 1459 cilicina
1514 1399 1536 1458 F
1538 1418 1581 1458 ro·

292 1504 415 1563 lieuiana
439 1504 535 1563 denuo
558 1519 698 1561 excusum
720 1489 804 1580 typis
847 1501 870 1560 (t
892 1520 1030 1579 perverse
1049 1504 1195 1562 officiosos
1214 1501 1425 1579 calcograplios
1443 1504 1525 1569 istos,
1543 1509 1601 1560 tes

291 1607 450 1665 mererium
473 1622 566 1680 geritis
585 1603 753 1662 homiuum!
779 1603 837 1662 lam
853 1603 960 1663 Gallias
976 1605 1213 1681 perragalmutur
1234 1611 1263 1663 et
1277 1603 1420 1665 ulcerosis
1434 1602 1491 1663 illis
1504 1603 1583 1663 tlieo·

291 1705 365 1783 logis
386 1724 420 1764 ac
443 1705 479 1763 ad
502 1722 620 1764 ‹iiimem
642 1703 725 1763 laeile
749 1713 915 1766 eoutaetum
937 1708 1043 1767 cneum
1066 1707 1157 1767 solitis
1179 1706 1352 1767 obiiciantur
1375 1724 1479 1784 liuga:
1510 1704 1583 1765 male

293 1806 460 1868 consultum
482 1808 536 1865 erit
555 1806 698 1865 Hutteuo:
721 1807 778 1867 lieu
802 1808 886 1875 uiilri,
907 1810 997 1884 perii,
1021 1817 1118 1869 adimi
1142 1809 1200 1869 est!
1222 1810 1279 1868 iam
1301 1809 1331 1867 iu
1353 1806 1495 1868 articulos
1510 1807 1584 1867 istud

292 1909 364 1968 mihi
386 1908 461 1968 redit
480 1911 651 1985 negocium:
675 1909 747 1968 tanti
766 1911 927 1969 cratisnum
947 1910 1004 1969 hoc
1026 1912 1139 1988 nugari.
1185 1909 1309 1969 Consule
1330 1911 1359 1968 in
1377 1909 1517 1973 medium,
1540 1908 1582 1968 Bi·

224 2008 420 2070 timlibalde:
455 2011 548 2069 auiieo
570 2027 644 2086 opus
667 2016 726 2077 est,
755 2009 923 2071 consultore
944 2030 1026 2089 opus.
1073 2011 1179 2073 Eekius
1200 2012 1340 2089 proscidit
1362 2008 1674 2075 carlosauium.¹·1
1720 2009 1739 2054 ἱ*

292 2112 385 2171 civem
406 2129 519 2180 sucum,
540 2110 666 2188 prolium
688 2111 874 2190 theologicus
898 2114 992 2173 eidem
1014 2133 1081 2174 eum
1097 2115 1226 2175 Lutliero
1249 2112 1358 2173 bellum
1373 2120 1433 2180 est;
1458 2111 1584 2172 luthero
1712 2136 1721 2161 ·

293 2230 360 2274 cum
379 2211 494 2273 multis:
528 2231 563 2271 en
588 2215 663 2272 viros
686 2213 838 2291 theologos
867 2216 1001 2290 impactis
1031 2224 1133 2276 mutuo
1155 2217 1288 2293 giruuinis
1309 2233 1341 2274 so
1364 2222 1583 2292 concerpe-ntes.

228 2300 235 2311 ⁸
293 2313 383 2375 multa
400 2313 555 2374 Erasmum
571 2323 670 2374 inonet
689 2314 811 2384 EcliiuS,
835 2317 872 2376 ad
891 2336 956 2395 qiam
977 2316 1025 2376 ille
1049 2318 1128 2396 (quid
1150 2320 1260 2377 laceret
1276 2314 1353 2376 aliud
1371 2316 1480 2395 enimi)
1500 2315 1584 2375 liras·
1697 2344 1731 2357 -

224 2428 378 2479 §.namum
405 2423 532 2493 praestat.
584 2416 799 2486 leiustertius
826 2417 923 2479 alrami
951 2419 1022 2478 atrilii
1050 2419 1198 2479 duxerunt
1230 2418 1350 2485 medion
1385 2420 1409 2477 is
1442 2417 1584 2477 curationi
1690 2412 1736 2472 ii

293 2517 361 2578 linia
381 2517 525 2594 colophon
547 2519 721 2594 imponitur,
752 2525 853 2596 postea
877 2522 954 2579 euim
977 2538 1028 2580 aer
1048 2521 1209 2580 admittitur
1232 2527 1260 2579 et
1291 2521 1404 2588 vinum,
1436 2519 1491 2578 sed
1513 2536 1582 2577 mm·
1594 2530 1608 2566 ¹-
1627 2529 1647 2565 ¹
1693 2546 1737 2560 -

294 2620 348 2678 nisi
381 2617 464 2678 valde
497 2618 621 2678 dilutum
653 2619 796 2688 sumitur,
830 2620 998 2700 largiusque
1026 2623 1182 2701 prandium
1214 2621 1386 2698 apponitur,
1418 2638 1584 2699 quanquam
1680 2634 1741 2675 ni

295 2718 475 2797 aliquantum
496 2721 593 2780 adhue
614 2722 689 2780 iutra
713 2721 817 2781 edemli
837 2723 980 2783 aviditatis
1002 2720 1144 2783 terminos
1165 2723 1350 2782 eoiitineiuur
1374 2740 1411 2780 ne
1436 2724 1483 2782 eui
1507 2721 1585 2782 alius
1672 2737 1741 2778 es

225 2822 462 2898 §.narepentiua
499 2820 742 2899 Oecolampadius
757 2822 884 2884 salutare
905 2832 934 2885 te
959 2827 1049 2885 iussit.
1084 2825 1173 2884 eredo
1189 2825 1426 2883 concionatorem
1447 2831 1514 2901 aget
1529 2824 1584 2883 hie.
1672 2841 1741 2881 ‚a

294 2920 466 2984 Guilielmus
484 2923 624 2992 Budaeus,
648 2923 788 2984 nobilium
812 2928 840 2985 iu
863 2925 956 2986 tlallia
979 2927 1178 2994 doctissimus,
1202 2927 1356 2985 doctorum
1378 2924 1584 2990 nobilissimus,
1666 2943 1739 2991 ,a

294 3026 496 3084 annotationes
518 3026 547 3084 iu
568 3024 730 3085 l’amlectas
759 3028 957 3106 prosequitur.
1003 3027 1089 3088 exilui
1119 3027 1224 3104 gaurlio
1256 3045 1289 3086 re
1309 3024 1466 3087 intellecta.
1512 3026 1628 3087 Erret
1660 3045 1738 3087 9ο

293 3123 346 3184 tibi
360 3124 434 3184 «tuos
452 3126 554 3185 eadem
571 3133 743 3203 tempestate
760 3127 916 3197 llereules,
940 3131 1214 3189 iunnauissimarum
1234 3128 1437 3205 profligatores
1452 3130 1584 3205 pestium,
1651 3175 1678 3194 .
1690 3147 1733 3195 m,

295 3220 349 3286 acl
372 3212 416 3297 ὥς
436 3224 542 3286 aaa
563 3219 633 3305 τρὶς
658 3215 888 3301 ἄλεξικάκους,
914 3230 1055 3290 Budaum
1071 3236 1099 3291 et
1114 3230 1284 3299 Erasmum,
1307 3230 1385 3289 iuter
1400 3247 1476 3307 quos
1490 3231 1582 3288 omnia
1648 3247 1729 3288 m

294 3327 376 3405 prius
398 3328 591 3396 conuulsam,
615 3334 864 3407 comparationem
887 3350 975 3409 quam
998 3331 1093 3392 moliri
1117 3350 1205 3391 ausus
1228 3331 1327 3392 luero:
1357 3329 1514 3390 debellarit
1540 3329 1584 3389 ille
1633 3350 1725 3391 aa

295 3427 426 3489 Aeciirsii
449 3431 478 3488 in
501 3429 593 3488 Gallia
622 3432 822 3508 posteritatem
847 3439 875 3491 et
897 3450 985 3492 oinue
1007 3432 1145 3492 radicitus
1168 3433 1321 3509 extirpavit
1342 3430 1583 3492 Bartholistarum
1627 3450 1721 3492 ssa

295 3548 402 3606 genus,
430 3531 477 3590 liic
507 3531 660 3609 theologiae
688 3535 801 3593 luiuimi
829 3534 1000 3594 obiicientos
1028 3534 1171 3594 barbaros
1197 3535 1273 3594 laeto
1295 3535 1406 3611 impetu
1429 3525 1580 3611 oppressit,
1627 3539 1741 3600 ,1,31

226 3637 329 3701 §.tinet
350 3633 441 3691 saeris
463 3632 555 3693 litoris
577 3634 653 3693 diem
677 3634 819 3702 reddidit,
842 3634 938 3695 lucem
961 3637 1076 3695 iirrexit.
1121 3635 1203 3695 anne
1220 3635 1362 3704 l'abrum,
1386 3636 1437 3713 qui
1459 3634 1582 3713 pliiloso
1610 3652 1714 3690 -ο

237 3784 242 3801 ,
294 3732 392 3809 pinam
420 3736 561 3811 exquisite
591 3736 743 3796 fabrefecit
769 3736 912 3796 illustrato
935 3735 1098 3796 Aristotele.
1143 3735 1217 3796 adde
1240 3735 1352 3814 Copum
1375 3743 1404 3796 et
1425 3734 1582 3796 Ruelliuni:
1597 3755 1628 3793 τ
1669 3752 1712 3792 1:

361 3950 493 4017 ¹mapnas
510 3954 533 4002 R
552 3962 577 4003 et
594 3955 639 4018 Hy
658 3958 742 4006 adscr.
758 3959 793 4006 ΙΙ.
847 3957 957 4023 ripheos
970 3957 1004 4006 B.
1040 3956 1217 4023 llyphaeost.
1266 3955 1376 4021 explica
1390 3956 1425 4005 H.
1437 3972 1489 4020 pro
1507 3957 1650 4025 laureo
1664 3965 1710 3997 ‘re

294 4035 327 4085 A.
381 4037 503 4087 Basilum
517 4040 541 4086 3.
607 4037 676 4089 ’lle
696 4041 986 4107 loa.0ecolan1padio
1005 4041 1191 4105 (Hausselteiu)
1210 4041 1281 4091 satis
1300 4045 1425 4102 constat,
1446 4056 1507 4091 eum
1526 4048 1710 4090 cums-m

293 4119 432 4171 liuttenus
451 4122 523 4172 liaiie
543 4124 690 4188 epistolam
709 4132 892 4191 componeret,
907 4127 1038 4192 elsegustae
1052 4126 1132 4176 Viud.
1147 4127 1372 4176 concionatorem
1391 4125 1496 4175 iactum
1516 4141 1609 4185 ease,r
1621 4132 1708 4176 9⁰,

293 4204 342 4253 sed
360 4219 413 4255 uou
432 4207 473 4255 ila
491 4208 572 4272 longe
591 4214 653 4274 post
666 4224 723 4259 eam
737 4212 881 4261 civitatem
894 4211 1049 4275 reliquisse.
1108 4211 1452 4261 antedentatusitemaate
1466 4208 1599 4259 edentuli
1619 4203 1655 4253 Ι
1669 4199 1710 4249 lli

292 4293 507 4341 commomlere.
523 4294 558 4342 H.
612 4291 1165 4361 ⁵deuuoexeusmulci.Ind.bil›l.XV.l.
1229 4295 1389 4344 ⁷contectis
1404 4296 1431 4343 3.
1491 4294 1668 4344 ¹⁰Car-‘¹
1690 4298 1709 4330 ῐ·

293 4372 682 4443 stadiumAB.quodem-all.
731 4379 889 4429 ¹³EkiusB.
943 4378 1384 4446 qiiasliiA.3.queB.quod⁴...6.
1440 4378 1665 4429 tenuras-e-
1681 4381 1710 4414 ὅ·

294 4473 365 4507 mrim
383 4459 508 4527 preestat]
528 4464 545 4511 i.
561 4480 584 4512 e.
599 4468 683 4514 tacet.
755 4462 775 4495 ¹⁵
794 4472 852 4514 sinte
870 4465 919 4513 sed
937 4482 1031 4515 enemim
1047 4482 1103 4530 pos.
1118 4468 1153 4515 II.
1226 4463 1246 4496 ¹¹
1264 4481 1299 4514 ne
1318 4465 1364 4514 oui
1382 4463 1443 4530 etc]
1467 4481 1502 4515 ne
1525 4464 1611 4530 quia
1626 4451 1711 4505 ἰὼ

292 4542 404 4594 uberius
412 4529 452 4595 'se
471 4553 578 4611 paseat.
598 4551 656 4599 edd.
671 4550 739 4614 quod
750 4550 786 4598 ΙΙ.
799 4554 837 4600 sie
855 4567 923 4599 eurr.
944 4565 977 4598 ne
997 4550 1042 4599 cui
1056 4565 1101 4599 a...
1118 4548 1122 4612 Ι
1137 4551 1253 4615 pentius
1269 4547 1273 4613 Ι
1288 4551 1362 4611 nude,
1376 4566 1431 4599 cun
1445 4551 1531 4601 θείω
1543 4547 1582 4597 11.
1595 4532 1710 4590 ἱἾ·

294 4630 318 4678 8.
333 4630 382 4692 i.s.
396 4630 493 4679 scribat
512 4632 590 4683 alvus
609 4634 755 4699 repentina
774 4634 934 4698 perniciosa
958 4639 1014 4695 est,
1039 4637 1181 4686 lluttenica
1197 4635 1274 4685 verba
1295 4650 1333 4683 me
1355 4636 1499 4685 restituisse
1515 4623 1710 4699 pato-⁰⁴⁴⁰·

294 4712 314 4745 '⁹
333 4714 406 4764 Guil.
419 4714 548 4780 Budaeus]
563 4733 682 4767 summus
695 4719 786 4780 ICtus,
802 4718 899 4767 Graeco
913 4719 1097 4770 doctissimus.
1112 4725 1194 4770 natus
1206 4720 1325 4769 Parisiis
1339 4733 1365 4768 a.
1380 4719 1455 4769 last.
1469 4720 1596 4769 maiore&
1608 4714 1712 4756 903

292 4801 472 4864 magistratus
492 4801 646 4866 complures
664 4804 764 4868 gessit,
789 4802 874 4852 libros
899 4803 989 4852 adhuc
1012 4804 1096 4854 utilas
1115 4805 1228 4870 scripsit
1245 4803 1319 4853 haud
1342 4818 1460 4868 paucos,
1486 4782 1710 4853 wtebtdbt

292 4884 362 4934 obiit
381 4901 405 4933 a.
422 4883 495 4934 1510.
553 4883 575 4916 ²⁰
594 4886 787 4937 adnotationes
801 4889 874 4936 imo.
933 4884 955 4917 ἥ
973 4884 1021 4937 aul
1040 4879 1158 4953 ciceia]
1178 4894 1219 4949 et,
1239 4893 1269 4937 ut
1281 4889 1323 4937 ita
1335 4887 1440 4948 dicam,
1461 4887 1595 4952 triplicet
1608 4881 1707 4924 <⁹⁰⁸

293 4968 426 5018 malorum
445 4984 596 5020 eversores.
650 4969 671 5001 ²¹
690 4972 989 5022 liurtolistarumd...6.
1048 4971 1070 5004 ²³
1088 4980 1146 5024 arete
1164 4972 1211 5022 nie
1230 4987 1323 5022 eormau
1336 4972 1447 5036 pecli.
1504 4968 1527 5001 ¹‘
1544 4970 1570 5019 ia
1593 4953 1703 5012 θ’*

291 5052 368 5101 lirum
382 5052 415 5103 Α.
435 5054 566 5103 Iacobum
585 5055 703 5105 Fabium
723 5056 916 5121 stapulensem
936 5057 1082 5122 (disruptos
1100 5058 1128 5107 iu
1141 5056 1283 5120 Picardia)
1301 5055 1463 5121 theologum
1482 5059 1510 5105 et
1526 5054 1577 5119 phi·
1593 5044 1638 5096 ἱ
1651 5050 1698 5084 ¹¹·

291 5134 433 5201 losophum
457 5139 516 5186 eius
543 5141 674 5205 temporis
702 5139 966 5201 celebratissimum,
1001 5158 1026 5191 a.
1049 5140 1121 5193 1537.
1146 5143 1206 5192 rita
1229 5141 1265 5192 cl
1292 5156 1425 5191 annorum
1452 5140 1571 5190 iunctum
1582 5133 1691 5182 μ’

290 5215 313 5249 ²⁷
331 5219 404 5269 Guil.
419 5221 510 5286 Copus
522 5223 693 5273 Basileensis
706 5225 823 5274 Parisiis
841 5225 1007 5275 medicinam
1026 5225 1220 5290 profitebatur,
1244 5225 1292 5275 ubi
1315 5240 1378 5276 aum
1397 5239 1444 5285 eo,
1469 5228 1499 5273 ut
1523 5217 1681 5274 ουρ
