3625 7050
241 1243 376 1296 CLXVII.
396 1260 479 1296 eurr.
492 1260 606 1295 crecere
621 1259 650 1295 nr
663 1258 748 1295 eran.
763 1259 909 1295 raaerarro
922 1260 957 1293 oe
971 1259 1082 1294 acmen.
1095 1259 1158 1293 rxr.
1169 1259 1229 1293 err:
1243 1252 1277 1292 27.
1289 1257 1347 1292 nar.
1360 1251 1417 1292 tato.
1456 1228 1524 1299 351

239 1432 327 1492 agere
356 1433 443 1492 qrram
471 1416 514 1475 sic
541 1421 721 1492 praepostere
748 1414 876 1474 studium
905 1411 1060 1490 theologiae
1088 1413 1233 1473 tractare?
1269 1415 1428 1491 namquid
1456 1415 1530 1474 indi·

240 1533 331 1592 guum
359 1517 452 1593 magis
482 1517 623 1576 committi
645 1522 741 1592 potest
763 1534 851 1593 quam
874 1514 1018 1593 arion-sie
1039 1523 1165 1582 temere,
1195 1516 1236 1574 sic
1258 1516 1480 1594 inconsyderato
1503 1522 1531 1575 et

238 1595 405 1694 petulanter
431 1635 466 1676 ac
499 1617 641 1677 malitiose
673 1616 813 1694 nulloque
847 1635 912 1675 cum
946 1615 1052 1675 iudicio
1087 1616 1232 1675 bonorum
1261 1616 1388 1676 virorum
1423 1617 1530 1693 scripta

238 1717 329 1778 semel
351 1725 401 1779 aut
423 1720 530 1779 iterum
558 1724 677 1778 tractata
705 1719 762 1776 iam
785 1717 909 1776 vidimus
931 1716 968 1775 ab
991 1717 1025 1775 iis
1048 1718 1178 1794 quinon
1201 1736 1303 1777 errore
1325 1719 1449 1785 seducti,
1479 1717 1529 1776 sed

225 1816 328 1895 *livore
352 1826 379 1879 et
400 1818 508 1878 malitia
531 1820 648 1880 adducti
672 1837 705 1879 ea
728 1818 939 1878 damnaverunt
962 1837 1041 1896 (prae,
1070 1819 1094 1876 si
1116 1819 1323 1878 conscientiam
1346 1819 1529 1878 uniuscuius-

237 1938 296 1997 que
325 1919 469 1997 appelles,
500 1922 594 1998 primo
623 1920 759 1980 adserent
787 1938 821 1979 ac
843 1919 1012 1997 probabunt
1034 1918 1117 1978 loco?
1151 1920 1186 1979 Et
1209 1919 1247 1979 illi
1270 1920 1388 1998 quidem
1411 1928 1585 1978 strenneta.

237 2028 336 2080 aetum
357 2021 393 2080 ab
416 2039 448 2081 se
471 2022 560 2081 rideri
582 2021 749 2089 voluerunt,
778 2039 846 2080 enm
868 2022 897 2080 in
921 2020 1051 2079 latorem
1073 2020 1196 2079 Romani
1219 2022 1364 2098 pontilicis
1390 2028 1440 2080 ant
1468 2022 1530 2079 cius

237 2121 286 2181 hic
314 2120 478 2199 legatorum
508 2123 630 2199 gratiam
660 2123 759 2183 indicii
788 2122 833 2183 sui
860 2120 978 2182 aculeos
1001 2123 1190 2181 exercentiu
1213 2123 1335 2199 eosqui
1358 2120 1530 2196 ‹n‘arrgelirae

236 2223 367 2282 veritatis
394 2226 559 2283 testimonio
588 2225 647 2284 nixi
675 2225 913 2301 superstitionem
943 2224 1037 2283 cetrati
1065 2229 1161 2282 essent
1189 2241 1205 2281 a
1233 2221 1361 2283 fidelium
1385 2222 1531 2282 mentibus

225 2321 364 2382 »avellere
393 2332 422 2384 et
449 2332 624 2402 praetentum
652 2343 728 2385 verre
757 2323 889 2401 religioni
918 2323 1018 2383 lurum
1042 2321 1153 2383 tollere.
1200 2330 1302 2384 centra
1324 2325 1439 2402 iniquos
1462 2342 1530 2382 rere

237 2425 417 2495 curtisanos,
451 2425 608 2486 sceleratos
638 2426 820 2486 Sinmniacos
848 2443 883 2484 ac
911 2424 1062 2502 improbos
1091 2423 1336 2501 indulgentiarum
1366 2424 1531 2483 venditores

236 2527 287 2603 qni
318 2525 363 2586 rel
390 2525 507 2603 publice
535 2528 724 2587 concionatus
751 2528 788 2586 sit
817 2525 870 2586 vel‘
887 2525 966 2584 domi
993 2526 1135 2601 scriptum
1163 2524 1272 2603 aliquid
1302 2525 1380 2584 loras
1403 2527 1531 2585 erniserit

235 2624 282 2686 vel
305 2626 334 2686 in
357 2634 459 2688 senatu
481 2627 574 2688 libere
597 2627 790 2695 consuluerit,
815 2645 849 2686 ex
866 2627 923 2685 hoc
939 2625 1146 2703 theologorum
1162 2644 1269 2705 genere
1284 2627 1418 2685 inventus
1433 2627 1529 2686 adhuc

236 2744 325 2787 nemo
348 2734 400 2788 est.
445 2728 531 2805 Atqui
553 2729 708 2789 adversum
730 2727 980 2806 pestilentissimas
1010 2726 1176 2804 complures
1203 2727 1411 2788 nonnullorum
1433 2730 1585 2805 ponti-§.n

225 2830 328 2889 dicum
350 2827 459 2898 bullaS,
484 2837 585 2889 contra
609 2832 793 2890 exactionum
816 2830 863 2889 hic
886 2825 915 2889 et
937 2829 1172 2906 dispoliationum
1187 2847 1295 2905 genera
1311 2828 1396 2907 plane
1412 2830 1530 2897 infinita,

236 2935 341 2990 contra
370 2937 420 2990 aut
448 2931 518 2990 istas
539 2931 640 2992 Romae
666 2933 898 2992 sacerdotiorum
926 2929 1152 2990 rhindinationes
1178 2939 1228 2990 aut
1256 2930 1455 2991 detestabilem
1484 2930 1532 2991 hic

235 3033 324 3091 etiam
353 3029 540 3092 ecclesiastici
569 3033 679 3093 ordinis
707 3032 852 3101 luxuriam
883 3031 1038 3092 consulere
1067 3038 1096 3090 et
1117 3031 1278 3093 ‹lecernere
1300 3032 1453 3109 oportebat
1475 3032 1532 3091 hoc

234 3139 387 3211 tempore;
421 3151 479 3192 non
503 3134 593 3211 siquis
616 3136 724 3211 optima
751 3141 937 3211 promoveret
967 3134 1061 3194 studia
1090 3140 1118 3193 et
1144 3133 1382 3193 reviviscentibus
1409 3134 1531 3193 arlrnini-

235 3232 337 3294 culum
360 3220 452 3295 ferret
472 3233 579 3305 literis,
603 3235 633 3293 in
656 3254 723 3295 eum
746 3235 939 3314 inquisitionis
962 3235 1124 3296 istiusmodi
1147 3234 1353 3295 authoritatem
1377 3235 1530 3295 obvertere

225 3342 266 3395 ·et
288 3334 437 3396 haereseos
459 3337 598 3396 continno
621 3335 768 3412 piaculum
790 3338 945 3414 imputare.
983 3337 1067 3409 Orrod
1091 3338 1233 3396 lacessant
1255 3355 1324 3406 oro,
1348 3357 1384 3397 ne
1407 3336 1451 3396 rel
1474 3338 1599 3398 noceo.

235 3437 358 3496 nomine
385 3438 505 3514 incipiat
531 3436 607 3497 male
635 3438 737 3498 andire
759 3438 822 3498 haec
844 3440 938 3499 natio:
972 3456 1040 3498 nam
1062 3439 1085 3496 si
1108 3437 1278 3515 pmlendum
1301 3445 1344 3498 est
1366 3442 1425 3499 reri
1449 3441 1531 3516 igne·

235 3538 332 3598 rautia
353 3536 427 3605 labi,
459 3557 546 3617 quam
576 3558 634 3599 non
665 3541 799 3600 convenit
827 3560 862 3600 eo
892 3542 1008 3616 cognito
1040 3539 1116 3599 ultro
1145 3539 1249 3599 salsum
1272 3541 1427 3600 adserere?
1461 3543 1531 3619 quin

235 3640 335 3718 potius
363 3639 525 3700 Christiana
557 3641 634 3700 iuvet
662 3642 803 3702 modestia
833 3643 861 3700 in
888 3642 1019 3702 docenda
1048 3642 1169 3699 veritate
1198 3642 1254 3709 nti,
1288 3660 1346 3700 non
1375 3642 1475 3701 lurore
1504 3648 1533 3701 et

236 3742 365 3801 amentia
393 3742 422 3800 in
451 3742 614 3819 arlfflgeuda
641 3745 776 3820 aeqrntate
805 3742 891 3802 serri:
930 3741 1031 3802 lrivola
1060 3748 1128 3800 sunt
1157 3749 1186 3800 et
1213 3760 1280 3800 mox
1310 3744 1439 3819 peritura
1467 3761 1531 3820 qna

225 3843 349 3903 rdonant
370 3844 390 3902 ii
412 3842 518 3921 quibus
541 3850 621 3903 tanto
643 3863 711 3904 cum
733 3844 845 3905 scelere
868 3844 917 3921 qui
939 3842 1110 3910 adulantur,
1140 3851 1248 3903 aeterna
1271 3862 1302 3901 se
1325 3854 1353 3901 et
1380 3844 1529 3919 incompa-

236 3943 323 4004 rabili
346 3944 482 4004 lraudant
503 3947 749 4006 remuneratione.
788 3946 932 4005 Praeterea
954 3944 1036 4003 brevi
1058 3944 1227 4003 duraturam
1251 3944 1326 4003 hanc
1349 3942 1464 4002 illorum
1488 3950 1598 4021 ty-§.n

236 4045 391 4105 rannidem
413 4045 498 4106 u'dee
521 4052 565 4117 et,
595 4047 650 4106 nisi
673 4049 770 4107 omnia
793 4066 840 4107 me
863 4044 976 4113 lallaut,
1007 4043 1161 4123 paulopost
1183 4044 1312 4105 ablatum
1334 4046 1369 4104 iri
1389 4044 1530 4121 praedico:

237 4148 331 4225 posita
355 4140 477 4207 ostiam
499 4148 591 4216 enim,
615 4150 723 4226 posita,
747 4168 764 4207 o
788 4147 917 4216 Christe,
942 4146 978 4205 ad
996 4146 1123 4206 radicem
1139 4147 1279 4207 arborum
1295 4148 1407 4207 securis
1422 4153 1481 4215 est,
1505 4154 1534 4205 et

237 4247 411 4308 excindetur
426 4249 521 4308 omnis
535 4248 625 4308 arbor
641 4267 706 4327 quae
728 4267 786 4308 non
809 4248 876 4308 lacit
898 4250 1027 4308 lmelnm
1049 4248 1174 4317 honum,
1198 4267 1233 4308 ac
1255 4248 1429 4326 purgabitur
1451 4250 1531 4309 vinea

225 4350 358 4410 *domini
403 4349 466 4409 Hoc
489 4349 575 4410 iubeo
597 4369 657 4409 non
679 4369 799 4428 sperare
822 4352 878 4411 iam
907 4370 972 4419 ros,
1002 4350 1053 4411 sed
1076 4358 1209 4428 spectare
1232 4369 1300 4411 mox
1323 4351 1440 4411 iubebo.
1486 4351 1600 4414 lutra

235 4452 325 4511 terim
348 4450 498 4519 confidito,
523 4452 575 4511 viri
590 4453 744 4520 Germani,
767 4472 802 4512 ac
816 4459 920 4513 mutuo
936 4471 987 4511 ros
1002 4453 1141 4513 excitate:
1170 4472 1225 4513 nec
1248 4454 1397 4530 imperitos
1419 4453 1533 4513 lrabetis

232 4570 292 4613 nec
323 4550 485 4612 imbecilles
512 4552 548 4612 ad
577 4554 778 4613 vindicandam
805 4552 971 4613 libertatem
999 4554 1106 4613 duces:
1142 4561 1255 4614 tautum
1285 4554 1376 4614 sortes
1403 4553 1533 4631 praebete

232 4672 288 4714 ros
311 4661 342 4713 et
364 4654 591 4732 imperterritos
621 4673 677 4714 nec
704 4656 733 4714 iu
762 4655 865 4714 mediis
894 4656 967 4715 adeo
995 4654 1202 4737 congressibus
1223 4656 1417 4731 procumbite.
1462 4655 1601 4715 Per-§.¹2

229 4755 437 4832 rumpendum
467 4761 510 4815 est
539 4758 631 4823 enim,
662 4757 914 4836 perrumpendum
945 4756 1077 4823 tandem,
1112 4756 1274 4834 prasertim
1304 4756 1349 4814 hae
1381 4774 1447 4816 cum
1476 4758 1533 4814 sint

234 4860 334 4926 vires,
358 4855 421 4917 haec
443 4858 634 4927 conscientia,
659 4856 731 4918 tales
753 4859 938 4927 occasiones,
963 4865 1041 4917 tanta
1064 4877 1175 4918 caussae
1197 4858 1332 4936 aeqrritm,
1356 4865 1474 4916 etcum
1497 4857 1532 4915 ad

304 5039 564 5093 ’inconsid.2...4.
617 5042 856 5108 ''quum2...4.nt
875 5043 942 5108 nhiq.
996 5042 1017 5075 ¹⁷
1036 5042 1215 5095 eceliuauici
1228 5045 1262 5093 A.
1317 5040 1337 5073 ¹⁰
1355 5042 1457 5091 litteris
1470 5044 1532 5093 23.

229 5132 346 5180 auctor.
361 5129 436 5176 ²...4.
488 5126 510 5160 ²⁸
528 5128 619 5192 posite
632 5126 691 5193 ete]
710 5130 818 5193 Eveng.
832 5143 889 5177 sec.
902 5126 1002 5176 Metth.
1016 5126 1115 5175 111.10.
1130 5143 1186 5178 sec.
1199 5131 1267 5178 Luc.
1281 5128 1333 5176 III.
1345 5126 1371 5176 9.
1417 5125 1469 5158 ’Μ’
1488 5145 1533 5177 ex·

225 5214 416 5265 aeind.2...1.
480 5211 503 5245 ³⁰
521 5213 603 5262 iubeo
618 5215 677 5262 Μ.
740 5211 760 5244 ⁸¹
780 5212 999 5277 imperitasti.
1067 5208 1120 5241 ³⁸⁴⁴
1137 5208 1345 5275 Perrumpest]
1365 5212 1533 5262 cf.Hntteni

226 5298 442 5364 responsoriam
462 5296 580 5362 elegiam
600 5298 635 5347 od
646 5297 715 5347 Eeb.
729 5298 827 5357 Hessi,
847 5301 878 5344 nt
897 5298 1026 5345 veritatis
1045 5309 1170 5344 caussam
1189 5300 1384 5358 prosequatur,
1406 5295 1423 5344 ἰ.
1438 5296 1471 5345 t:

459 5383 569 5446 „Atque
594 5383 635 5431 itu
658 5395 840 5446 perrumpam.
859 5394 1033 5445 perrumpam
1052 5386 1100 5429 aut
1120 5380 1179 5442 ipse
1198 5378 1308 5441 peribo,

459 5466 529 5515 Haec
547 5472 692 5531 postquem
710 5464 796 5514 semel
816 5469 858 5513 est
877 5464 941 5512 elea
959 5465 1037 5513 iectu
1055 5463 1148 5512 mihi”.

304 5549 329 5584 ³⁵
348 5552 480 5601 caueret.
