3625 7050
325 1177 395 1247 1114
450 1188 563 1239 XXXII.
582 1201 686 1237 nasein
701 1200 825 1234 rancor.
840 1200 923 1234 nvrr.
961 1185 1090 1234 XXXIII.
1113 1199 1281 1235 1110111110
1295 1202 1447 1237 nnvcnmu.
1462 1203 1504 1237 sn.
1519 1196 1621 1237 101510.

322 1366 414 1438 apello
430 1369 575 1418 mercatus
590 1368 646 1428 est,
662 1362 748 1416 stultis
764 1377 890 1431 arrestum
906 1360 1011 1415 seculis
1025 1361 1272 1416 intermorituram
1285 1359 1376 1432 fomoe
1393 1361 1490 1418 decus.
1527 1363 1624 1434 Atque

323 1453 432 1506 utinam
455 1451 577 1503 ornatum
600 1448 798 1518 beuipuissimo
814 1445 969 1500 dteeeenati
988 1446 1089 1500 saltem
1104 1446 1230 1517 aliquam
1245 1446 1331 1501 baius
1344 1449 1448 1518 pratioe
1459 1451 1624 1518 portionem

324 1551 426 1608 queam
449 1534 623 1604 rependere:
646 1549 703 1587 nou
725 1533 802 1602 quod
821 1532 869 1586 itte
892 1531 1045 1601 quiequam
1061 1531 1147 1585 boias
1161 1534 1207 1585 rei
1221 1534 1263 1587 oet
1276 1533 1400 1601 postulet
1415 1534 1458 1588 ret
1471 1540 1626 1603 espectet:

324 1622 439 1693 eprepio
461 1622 552 1674 virtus
574 1617 685 1671 obarrde
708 1619 802 1686 seipso
824 1621 959 1672 contento
980 1622 1036 1682 est,
1060 1633 1124 1686 quoe
1146 1619 1258 1687 quidem
1281 1634 1337 1687 qno
1359 1620 1452 1672 maior
1473 1625 1515 1673 est
1530 1625 1559 1673 et
1573 1620 1627 1672 ab·

324 1706 459 1771 solutior,
482 1703 535 1759 boc
557 1704 647 1774 mopis
667 1700 775 1773 frrpitot
795 1701 927 1773 ptoriam.
961 1701 1513 1773 111019011001010110910100.
1552 1704 1655 1758 Pul-5

325 1791 425 1847 ebrias
453 1794 493 1844 est
522 1789 659 1842 meruisse
685 1786 796 1858 famam
827 1803 913 1856 quom
940 1788 1102 1842 obtinuisse.
1147 1787 1213 1842 Non
1240 1786 1334 1858 refert
1361 1788 1437 1842 itlius
1464 1789 1513 1843 eai
1541 1790 1627 1843 debe·

326 1883 389 1941 tur,
413 1880 443 1928 at
465 1880 565 1928 nostro
587 1871 694 1943 refert,
718 1887 753 1926 ne
772 1888 879 1941 portem
900 1873 979 1942 proti
995 1888 1160 1943 parumque
1182 1887 1320 1926 memores
1343 1873 1506 1929 videamur:
1530 1872 1629 1945 refert

323 1962 453 2024 omniuo,
477 1964 507 2013 nt
529 1959 645 2028 eprepio
668 1958 780 2012 virtutis
801 1956 937 2027 ememplo
954 1958 1119 2025 posteritati
1138 1963 1357 2025 consecrentur,
1380 1975 1435 2028 quo
1456 1959 1559 2028 piures
1581 1959 1628 2011 in-

325 2049 510 2120 flammentur
533 2044 572 2097 od
593 2042 703 2097 bonesti
723 2042 857 2096 studium.
910 2039 1015 2096 Verum
1037 2044 1114 2111 qaod
1134 2044 1270 2113 inpenioli
1296 2045 1389 2098 nostri
1415 2046 1540 2097 tenuitas
1567 2060 1630 2096 non

325 2137 420 2204 potest
442 2130 570 2198 assequi,
594 2128 670 2198 qood
691 2132 790 2180 nostro
812 2141 871 2181 riom
893 2126 967 2180 volet
986 2132 1131 2195 proestore
1152 2126 1293 2198 infantia,
1322 2129 1352 2183 id
1373 2126 1424 2182 otii
1449 2129 1630 2199 praestaturi
1642 2134 1666 2171 ¹⁰

329 2222 411 2282 sant,
441 2214 484 2269 oet
505 2214 558 2269 boe
580 2213 691 2268 nomine
712 2209 873 2281 feliciores,
903 2211 980 2281 qaod
999 2212 1143 2281 protiores
1164 2226 1226 2267 esse
1248 2212 1321 2267 lieet.
1367 2212 1426 2267 Nos
1447 2219 1545 2268 tomen
1573 2213 1631 2265 od·

330 2302 467 2366 nitemur,
489 2301 515 2353 si
536 2299 617 2353 modo
639 2298 696 2352 uita
718 2311 811 2350 eomes
833 2296 901 2361 erit,
925 2312 1011 2364 quom
1033 2297 1076 2351 oet
1094 2299 1124 2352 in
1147 2297 1201 2351 bor
1219 2299 1312 2366 ipsam
1327 2313 1419 2352 onrios
1433 2299 1545 2369 aliquot
1554 2313 1630 2368 pro-

328 2385 408 2458 ferri
428 2385 558 2454 copiam,
581 2389 612 2437 ot
633 2384 740 2452 liqueat
762 2386 839 2435 certe
861 2386 979 2435 coaretos
997 2378 1106 2451 fuisse,
1129 2372 1156 2436 'si
1176 2383 1270 2437 minus
1292 2389 1446 2437 assecutos.
1485 2383 1545 2437 Sed
1558 2385 1631 2436 (Irim

330 2471 434 2525 baram
457 2484 556 2524 rerum
578 2468 746 2540 eopitotione
775 2471 887 2533 teneor,
921 2464 1003 2520 troad
1027 2467 1086 2520 scio
1115 2468 1254 2538 quomodo
1276 2483 1352 2538 pene
1381 2468 1478 2537 operis
1505 2469 1633 2523 instituti

331 2558 477 2610 immemor
498 2555 606 2609 diutius
628 2569 714 2624 quom
734 2557 873 2622 peresi,
897 2552 1033 2606 immoror
1054 2552 1232 2623 dipressioni.
1496 2570 1501 2580 ·
1641 2558 1666 2597 rs

807 2738 1184 2754 ..ψ-...-

358 2921 470 2956 VIENNAE
484 2919 564 2954 PANN.
884 2884 1070 2959 XXXIII·
1445 2976 1631 2985 —-

541 3076 703 3131 itanlauvs
724 3076 834 3132 POETA
855 3077 1052 3133 Lavuflnrvs
1074 3077 1184 3134 luanus
1207 3077 1368 3133 REVCHLIN
1391 3079 1418 3134 S.

278 3228 324 3277 §.r
419 3211 544 3268 Vlriohus
568 3213 715 3272 Hnttenus,
744 3213 901 3269 doctissime.
923 3214 1059 3287 Capnion.
1089 3213 1176 3269 literis
1189 3214 1231 3295 'ad
1253 3231 1296 3269 me
1323 3206 1381 3270 vsuis
1410 3215 1538 3271 Boiinnire
1560 3216 1637 3270 datis

335 3298 483 3354 honorilice
508 3296 546 3352 tui
569 3297 707 3352 mentione
731 3296 815 3359 lacta,
845 3299 909 3372 quid
938 3299 1028 3353 Roma,
1057 3299 1188 3372 proximis
1215 3299 1258 3354 uis
1286 3300 1424 3356 mensibus
1454 3301 1479 3355 in
1510 3299 1555 3355 illa
1588 3310 1636 3356 tua

334 3400 415 3439 causa
437 3390 525 3438 aettun
549 3382 644 3443 inerit,
668 3383 734 3436 adeo
758 3383 856 3438 indicat
878 3382 1008 3446 fideliter,
1037 3393 1067 3438 ut
1090 3383 1183 3456 spiranti
1208 3392 1234 3439 te
1259 3383 1350 3446 laniat.
1384 3386 1443 3458 ipsa
1471 3403 1519 3440 sua
1548 3385 1672 3440 verbam

336 3468 406 3524 haud
436 3467 552 3543 obseura
583 3473 725 3521 testentur.
777 3467 801 3522 ls
830 3469 920 3524 Romen
950 3476 1007 3525 tota
1034 3487 1121 3543 prope
1149 3476 1259 3531 estate,
1294 3477 1324 3525 111
1353 3469 1490 3543 intelligo.
1527 3487 1636 3526 nioram

337 3554 433 3616 traxit,
458 3552 597 3607 literarum
614 3560 639 3606 et
657 3553 682 3607 in
700 3554 794 3626 primis
818 3554 946 3609 rioscendi
969 3555 1037 3609 iuris
1060 3554 1155 3626 gratia.
1179 3556 1227 3610 sed
1249 3553 1298 3610 1110
1321 3555 1434 3629 qrradam
1457 3556 1529 3609 inter
1550 3573 1583 3610 se
1608 3564 1637 3611 et

337 3636 429 3694 Gallos
452 3637 557 3710 aliquot
574 3637 615 3715 ob
638 3655 682 3691 res
705 3636 899 3693 Germanorum
923 3647 1031 3700 010111,
1056 3658 1110 3694 uno
1133 3640 1259 3696 conlecto
1282 3639 1372 3698 Gallo,
1404 3639 1517 3713 reltquis
1540 3648 1636 3696 antem

337 3725 436 3780 misero
459 3723 571 3782 sauciis,
601 3723 747 3777 Bononiam
770 3731 864 3795 petere
886 3732 996 3778 coactus
1020 3731 1075 3785 est,
1106 3723 1162 3779 illio
1190 3724 1316 3780 fortassis
1344 3713 1449 3780 diulule
1477 3742 1635 3780 mansurus.

280 3821 327 3870 §.².
337 3808 444 3877 Quanto
467 3826 531 3863 vero
554 3825 596 3862 rue
619 3807 717 3878 gaudio
740 3807 838 3862 alliciat
861 3808 947 3861 omnis
971 3808 1016 3863 illa
1040 3809 1121 3870 fultra,
1152 3827 1211 3880 quse
1239 3811 1378 3864 victoriam
1402 3811 1675 3866 innocentissimaers

337 3896 398 3950 vitm
422 3903 474 3948 ture
496 3901 593 3947 contra
609 3892 762 3947 Stoicorum
786 3892 850 3959 istas
874 3892 965 3946 simias
988 3893 1135 3954 adiudicat,
1166 3912 1221 3949 uon
1245 3894 1322 3948 iaoile
1345 3895 1514 3968 scripserim.
1544 3912 1578 3949 ae
1603 3913 1637 3950 ne

336 3978 449 4036 dixerim
473 3979 595 4051 quidem,
619 3977 641 4031 si
664 3994 762 4043 eoram·
779 3993 879 4031 essem:
905 3978 984 4030 testis
1007 3978 1078 4032 esum
1102 3996 1162 4032 esse
1185 3996 1296 4052 possum
1312 3978 1353 4033 sel
1370 3980 1539 4053 posteritati.
1565 3999 1638 4054 quo·

337 4065 407 4119 niam
431 4062 591 4117 altissimum
616 4060 681 4116 illud
705 4070 812 4116 trimum
834 4061 1019 4116 doctrinarum
1043 4063 1131 4118 ocium
1155 4071 1207 4118 tam
1236 4064 1367 4137 precipiti
1395 4063 1584 4120 molestiarum
1610 4073 1637 4121 et

337 4148 574 4223 pertrabationum
599 4147 699 4219 impetn
723 4149 781 4201 nnn*
800 4146 912 4217 dignuin
935 4146 1071 4205 extiterit:
1093 4165 1208 4219 eumque
1224 4148 1329 4203 doleam
1345 4166 1466 4223 persepe
1481 4149 1514 4204 de
1530 4149 1637 4210 multis.

338 4233 409 4288 istud
433 4249 571 4304 nunquam
594 4249 648 4285 non
672 4239 781 4302 gravate
805 4230 867 4293 tuli,
900 4231 973 4303 quod
995 4231 1119 4286 homiues
1143 4232 1195 4293 illi.
1225 4251 1340 4306 qnorum
1365 4234 1508 4307 stipendiis
1535 4235 1675 4291 insidiam

339 4316 460 4377 munus
475 4324 562 4370 tantas
586 4315 612 4369 in
636 4332 664 4369 re
689 4315 793 4390 tantilla
817 4316 962 4387 turgendias
984 4316 1132 4377 1110101101.
1156 4326 1186 4371 111
1201 4336 1246 4372 res
1264 4326 1321 4373 tota
1338 4326 1379 4373 101
1395 4319 1557 4374 iudiciorum
1573 4338 1639 4376 cerr·

280 4406 327 4455 11.
338 4419 432 4462 suras,
456 4393 616 4472 magnorum
639 4399 719 4454 etiam
743 4400 859 4455 imlienm
882 4417 1031 4462 consensu,
1056 4402 1227 4456 sustinuerit.
1271 4403 1395 4475 imponet
1416 4402 1459 4458 his
1482 4403 1564 4460 tinem
1586 4405 1639 4460 Ro·

337 4503 422 4546 manm
445 4486 516 4540 sedis
539 4484 686 4545 autoritas,
711 4493 752 4539 101
775 4485 836 4539 vitas
860 4494 912 4540 ture
929 4494 956 4539 et
971 4485 1133 4540 enulitionis
1149 4487 1319 4559 preconibus
1335 4487 1451 4550 munita,
1476 4489 1548 4544 inter
1565 4507 1639 4563 (piros

337 4570 475 4625 Erasmuiu
492 4571 549 4642 ipso
567 4570 774 4625 Roterodanuuu
791 4571 857 4624 allen
875 4569 992 4625 libenter
1007 4571 1125 4643 accipio,
1150 4579 1179 4625 ut
1195 4571 1261 4626 nihil
1279 4573 1372 4643 magis.
1419 4572 1475 4644 Epo
1492 4574 1641 4646 1101111010-

336 4673 443 4729 cunquo
465 4655 587 4711 doctrina
611 4674 642 4710 ao
664 4656 773 4725 ingenio
804 4655 828 4710 id
858 4654 966 4711 moliar.
996 4663 1026 4709 ut
1057 4654 1097 4708 rel
1128 4673 1188 4711 meo
1218 4657 1317 4713 iudicio
1346 4659 1477 4731 tlapnismi
1506 4658 1676 4715 debuissem

337 4742 476 4797 studiosos
496 4735 593 4796 'similes
617 4742 707 4795 sutura
731 4739 821 4795 secula
844 4748 1002 4811 agnoscant.
1042 4741 1190 4795 excudetur
1218 4742 1270 4797 iam
1300 4760 1372 4798 num.
1400 4761 1414 4798 a
1444 4761 1485 4797 nie
1516 4746 1640 4818 scriptus

336 4827 370 4882 de
392 4826 499 4899 poetica
521 4825 644 4887 libellus,
680 4825 705 4880 iu
737 4843 792 4897 qno
822 4825 1020 4880 immitissimam
1052 4824 1157 4881 lamlem
1187 4827 1225 4881 tui
1254 4826 1321 4883 Inois
1350 4832 1497 4900 oportunis
1525 4830 1639 4888 inserui.

336 4928 422 4967 meam
446 4909 472 4965 iu
497 4910 901 4983 100111011101110111001010
932 4917 1097 4971 testaturus;
1129 4911 1187 4966 eius
1217 4910 1264 4973 11111
1293 4913 1399 4985 copiam
1428 4912 1503 4969 brevi
1534 4914 1640 4972 taniam.

336 4995 413 5058 Vale,
437 5003 464 5051 et
487 4995 583 5051 scribe.
606 4994 724 5050 Viennae.
746 4996 824 5050 drino
840 4993 980 5049 11111111,

895 5126 1075 5137 ...n——

573 5176 701 5226 XXXIII.
732 5178 772 5225 Ex
785 5176 921 5240 Epistolis
938 5178 998 5226 Ind.
1012 5177 1080 5225 bibl.
1094 5176 1132 5227 n⁰.
1141 5177 1182 5227 51.
1198 5180 1318 5242 0111101
1332 5177 1392 5229 aiil.
