3625 7050
311 1217 383 1288 ‘124
538 1228 592 1279 CC,
612 1244 736 1280 arreum
749 1243 786 1279 to
798 1242 931 1279 entem
945 1242 1082 1277 norcaon.
1096 1243 1139 1277 er.
1154 1243 1180 1277 n.
1197 1235 1227 1276 u.
1243 1242 1307 1278 nov.
1324 1235 1383 1278 isto.

226 1411 238 1438 ⁶
311 1399 455 1480 epistolae,
485 1399 616 1460 convitiis
645 1416 713 1458 eum
741 1396 791 1458 illo
813 1397 1045 1476 expostulantis
1074 1397 1153 1476 qnod
1175 1405 1204 1457 te
1226 1398 1255 1458 in
1277 1398 1438 1458 Germania
1462 1397 1542 1458 ierat
1561 1396 1613 1458 ba·

286 1487 379 1564 'rum
401 1520 502 1563 rerum
524 1501 711 1577 magistrum,
736 1501 818 1559 euius
841 1501 982 1559 momenti
1004 1500 1063 1559 est?
1096 1500 1185 1560 Plane
1207 1501 1381 1576 fugiendum
1393 1481 1452 1560 ¹tibi
1468 1503 1614 1568 existimo,

313 1607 336 1663 si
365 1621 423 1662 non
453 1604 550 1677 magni
579 1601 668 1660 iacias
696 1607 778 1660 tunm
806 1619 922 1670 casnm,
952 1608 1049 1660 tamen
1077 1608 1109 1660 ut
1137 1620 1174 1661 ne
1197 1608 1276 1661 tanto
1299 1603 1425 1679 preside
1448 1602 1617 1682 spolientur

253 1717 298 1767 §.o
314 1704 423 1773 studia,
450 1710 530 1762 tanto
553 1708 636 1779 patre
659 1701 739 1760 orbec
762 1703 819 1761 sint
841 1700 941 1761 litera.
987 1704 1016 1761 Si
1039 1703 1188 1762 dubitares
1211 1702 1322 1772 adhue,
1346 1703 1418 1763 nibil
1434 1704 1530 1763 sulum
1547 1705 1627 1762 satis

315 1825 379 1866 esse
401 1804 486 1863 nobis
509 1803 553 1862 vel
574 1803 611 1862 ab
634 1797 779 1863 bleandro
803 1803 902 1863 doceri
926 1808 1091 1880 oporteret,
1121 1823 1208 1881 sperem
1232 1806 1296 1882 quis
1323 1813 1460 1883 putasset
1487 1807 1625 1882 pecunia
1658 1832 1673 1872 a

314 1905 485 1967 sacerdotali
514 1905 668 1965 adversum
697 1922 751 1962 uos
781 1904 904 1964 corrdnei
933 1906 1039 1982 posse?
1071 1912 1219 1964 ettamen
1247 1924 1307 1965 non
1334 1915 1489 1984 oppugnat
1518 1908 1631 1969 aerius

254 2009 371 2068 §.clue
392 2016 526 2084 tempore
548 2005 630 2066 alins.
668 2005 713 2064 'lu
737 2011 833 2064 autern
856 2004 960 2065 leuiter
983 2014 1012 2066 et
1033 2006 1267 2067 subblandiendo
1290 2014 1332 2066 tot
1354 2009 1412 2067 iam
1436 2025 1535 2066 annos
1557 2015 1626 2067 tra-

315 2114 392 2168 etato
415 2108 566 2186 pontifice,
596 2108 683 2166 etiam
705 2105 839 2174 laudato,
867 2108 937 2184 quid
960 2110 1092 2167 mernisti
1114 2107 1192 2167 aliud
1215 2127 1303 2186 quam
1324 2116 1358 2169 ut
1379 2109 1497 2170 intense
1520 2108 1619 2172 oderit

316 2217 345 2270 et
367 2208 514 2286 perditum
537 2207 620 2266 velit?
654 2208 682 2266 id
706 2207 782 2284 qrrod
806 2210 899 2284 magis
922 2210 1007 2268 etiam
1031 2209 1128 2272 lacere
1151 2208 1242 2279 volet,
1271 2209 1388 2288 qrrando
1418 2211 1477 2269 iarn
1507 2209 1611 2273 ridebit

255 2317 418 2370 §.econtra
445 2328 531 2368 suum
560 2309 692 2367 furorem
720 2325 800 2367 arma
824 2308 963 2385 expediri.
1009 2310 1086 2387 qutul
1114 2312 1170 2370 iam
1200 2318 1266 2370 ante
1294 2312 1404 2371 lactum
1426 2299 1529 2378 esset,
1558 2313 1628 2371 nisio

314 2412 464 2473 Francisci
487 2409 639 2469 consilinm
662 2410 764 2468 luisset
786 2425 887 2485 regem
912 2417 1025 2469 tentare
1046 2412 1144 2488 prins,
1173 2430 1225 2490 spe
1248 2419 1389 2490 concepta
1413 2411 1479 2473 lore
1503 2420 1535 2473 ut
1556 2412 1600 2472 bor

313 2515 376 2592 ipse
398 2521 450 2572 re'x
473 2519 539 2589 agat
567 2518 616 2570 ant
645 2517 724 2569 certe
747 2509 901 2588 agentibus
924 2511 1008 2570 nobis
1030 2514 1195 2580 eonuireat;
1230 2532 1408 2592 nequenon
1432 2513 1543 2574 lactum
1564 2533 1598 2572 ar·

316 2614 425 2682 bitror,
459 2615 513 2673 nisi
542 2599 638 2671 emula
666 2614 790 2671 iurertet
817 2610 977 2671 sceleratus
1005 2597 1053 2673 ille
1082 2613 1201 2674 Selams
1231 2634 1340 2675 corona
1369 2614 1480 2675 Caesari
1503 2604 1597 2683 oblata,

257 2717 401 2777 §.nonius
424 2715 577 2791 puerulum
600 2715 749 2790 poscimur
772 2711 919 2772 lutherus
941 2720 970 2772 et
992 2732 1056 2790 ego.
1102 2715 1180 2792 Ergo
1209 2718 1296 2794 igitur
1325 2719 1407 2796 eripe
1438 2719 1544 2777 isthinc
1564 2727 1596 2785 te;

316 2834 383 2876 nam
418 2816 488 2875 mibi
522 2816 611 2873 aunis
643 2813 788 2891 agendum
818 2821 876 2882 est,
912 2816 990 2892 qnod
1021 2798 1071 2875 tibi
1099 2835 1137 2875 ne
1166 2817 1257 2884 obsit,
1290 2819 1421 2894 praedico
1449 2829 1517 2879 ante
1543 2822 1621 2879 lamb

317 2917 426 2987 Quodsi
455 2934 514 2974 non
543 2915 652 2992 probas
679 2917 842 2975 institntmn
869 2923 902 2975 tu
929 2936 1043 2983 meum,
1078 2937 1195 2978 eausam
1224 2926 1320 2978 tamen
1351 2938 1406 2979 eur
1440 2921 1502 2979 haee
1530 2939 1597 2998 paro,

318 2996 487 3095 improbare
515 3035 574 3075 non
602 3023 699 3095 potes
728 3023 761 3076 ut
787 3015 880 3075 libera
911 3019 948 3076 sit
969 3020 1139 3086 Germania;
1175 3039 1241 3078 uam
1265 3028 1334 3079 lunc
1356 3020 1498 3106 vigebunt
1527 3024 1597 3081 etiam

250 3119 410 3184 §.roliterae
433 3126 461 3177 et
484 3119 578 3178 bonor
601 3119 655 3177 erit
677 3118 789 3176 studiis.
836 3118 958 3178 billicile
981 3119 1037 3178 boc
1063 3120 1113 3179 tibi
1136 3128 1180 3180 est
1201 3129 1357 3198 prestare,
1387 3123 1494 3200 inquis.
1538 3121 1597 3181 dilli-

319 3221 474 3290 cillimum,
504 3220 554 3280 sed
582 3227 679 3278 tamem
708 3220 808 3278 conari
836 3218 993 3296 pulchrum
1022 3227 1081 3288 ost,
1110 3221 1252 3300 quidquid
1275 3222 1387 3281 eveniat
1411 3224 1512 3283 etiam:
1545 3204 1597 3282 mn

305 3305 428 3384 ¹eventis
458 3341 558 3382 rerum
588 3338 721 3397 pugnare
749 3338 806 3378 nou
838 3328 881 3379 est
903 3339 1017 3388 mentm
1052 3321 1130 3399 quod
1153 3323 1268 3382 fortuna
1291 3331 1475 3384 momentum
1499 3323 1623 3389 habenta

251 3425 358 3488 §.nihi
382 3427 478 3483 animo
502 3431 530 3483 et
551 3423 657 3482 virtute
680 3420 819 3481 conabor.
864 3422 974 3492 Quodsi
997 3424 1045 3482 cui
1066 3441 1220 3483 occurram
1243 3425 1405 3492 occasioni,
1435 3426 1502 3502 quis
1523 3428 1598 3502 impe·

319 3527 377 3586 diet
406 3532 536 3604 optatum
564 3525 610 3583 bis
640 3522 767 3583 consiliis
794 3527 902 3584 exitum
933 3526 1121 3601 ertrrtingere‘?
1157 3527 1200 3584 siu
1230 3533 1332 3585 contra
1360 3528 1490 3594 eveniet,
1518 3536 1599 3586 tamen

319 3626 432 3687 nullum
456 3635 499 3686 est
521 3632 579 3685 tarn
602 3625 732 3702 prudeus
754 3626 899 3701 pontificis
923 3624 1092 3693 eonsilium,
1116 3627 1193 3705 qnod
1217 3630 1389 3703 extinguere
1412 3627 1470 3686 hoe.
1493 3648 1509 3687 a
1531 3626 1600 3687 nobis

319 3731 475 3789 excitatum
499 3726 588 3787 semel
613 3727 777 3786 incendium
801 3726 900 3809 liceat:
935 3726 1068 3803 prolecto
1087 3730 1167 3787 ¹enim
1190 3727 1337 3787 ardebunt
1357 3730 1428 3794 ista.
1460 3737 1599 3807 quantum·

319 3848 446 3907 cumque
468 3828 679 3889 reluctantibus
701 3828 786 3904 ipsis,
812 3829 898 3887 etiam
921 3829 946 3886 si
968 3845 1022 3886 nos
1044 3831 1224 3906 opprimant:
1260 3830 1316 3888 iam
1338 3825 1413 3889 alios
1428 3834 1508 3891 enim
1522 3832 1623 3909 parieta

251 3943 270 3993 t.
279 3944 309 3989 u.
319 3932 553 3992 vehementiores
576 3931 661 3989 etiam
684 3928 825 3987 libertatis
847 3929 1015 3988 adsertores
1037 3931 1109 3988 cinis
1131 3932 1185 3989 iste
1205 3938 1321 3989 noster:
1354 3938 1444 4009 atque
1467 3952 1503 3992 eo
1524 3933 1601 4010 magis

319 4050 374 4110 ago
398 4034 474 4100 htee,
498 4032 576 4109 quod
600 4031 730 4090 loturum
753 4030 808 4088 hoc
832 4030 907 4098 scio;
942 4030 1131 4108 conaborque
1153 4033 1250 4090 omnia
1273 4040 1302 4090 et
1324 4033 1533 4112 undecumque
1545 4033 1600 4093 lire·

319 4134 376 4202 bit,
406 4152 507 4193 ansam
535 4132 620 4191 nobis
648 4131 799 4207 arripiam,
828 4130 899 4189 nibil
928 4150 987 4190 non
1013 4131 1148 4198 tentabo:
1182 4151 1197 4191 a
1221 4151 1279 4210 qno
1302 4132 1391 4192 nullae
1413 4135 1515 4204 minae,
1536 4132 1600 4194 nulla

319 4254 385 4311 qrrae
408 4234 554 4293 abducant
576 4231 705 4310 pericula
729 4232 797 4291 satis
820 4239 896 4291 sunt.
934 4232 1031 4293 Semel
1046 4234 1166 4301 infixum
1182 4235 1211 4292 iu
1226 4231 1360 4293 libertate
1377 4238 1505 4296 animam
1520 4234 1600 4296 dirimi

318 4353 379 4394 non
402 4324 503 4410 patiar.
541 4351 577 4392 an
600 4351 717 4410 possem
740 4335 814 4411 pati,
839 4336 886 4393 eui
907 4343 968 4394 tam
991 4336 1143 4394 inhonesta
1166 4336 1316 4412 proposita
1338 4337 1375 4395 sit
1397 4340 1536 4405 servitus,
1555 4336 1622 4395 nisi»

319 4434 481 4495 rebellem?
518 4451 611 4509 egone
641 4433 779 4494 mollibus
812 4437 936 4495 serviam
967 4435 1173 4503 sacerdotulis‚
1208 4434 1369 4495 delicatulis
1403 4439 1467 4498 istis
1498 4438 1600 4518 eynedis

318 4555 453 4614 parcam,
483 4536 647 4613 impudicos
675 4537 795 4595 adorem
823 4539 990 4613 pontifices
1022 4537 1173 4597 bominum
1201 4536 1309 4597 nullius
1336 4538 1423 4602 bonae
1447 4540 1539 4616 lrugis
1557 4541 1599 4598 im

318 4646 419 4715 perata
442 4638 561 4705 lactan,
586 4656 652 4697 cum
674 4640 760 4698 toties
783 4638 905 4697 summis
927 4639 1155 4715 imperatoribus
1177 4656 1300 4714 negasse
1318 4639 1374 4699 hoc
1390 4642 1520 4701 maiores
1532 4656 1600 4700 meos

318 4742 422 4808 seiam,
456 4758 511 4799 neo
539 4758 571 4798 ea
602 4741 639 4798 sit
667 4757 731 4816 quae
761 4746 871 4799 tantam
902 4740 1131 4818 indignationem
1161 4742 1249 4808 terat,
1279 4759 1343 4801 mea
1373 4744 1501 4803 natural
1531 4744 1599 4820 prius

250 4844 415 4910 §.raemnia
445 4841 611 4919 perdidero.
657 4839 742 4910 Quod
770 4848 802 4900 ut
829 4859 866 4901 ne
895 4841 1011 4900 dubites
1041 4860 1099 4919 quo
1127 4844 1234 4918 agitem
1257 4844 1371 4911 animo,
1400 4845 1461 4904 iam
1483 4843 1620 4922 persuasit⁵

318 4945 380 5020 ipse
403 4944 473 5003 milri
496 4942 581 5003 latale
605 4943 661 5001 boc
683 4960 747 5001 esse
770 4941 897 5001 llutteno
924 4960 979 5021 pro
1001 4943 1093 5020 patria
1115 4941 1312 5019 periclitante,
1342 4946 1423 5022 quod
1447 4951 1598 5006 constanter

318 5045 392 5105 adeo
420 5046 575 5122 proposui,
605 5051 637 5103 ut
668 5044 822 5103 clariorem
852 5043 976 5112 nullam,
1007 5062 1097 5121 qnam
1124 5061 1190 5121 quae
1218 5062 1273 5121 pro
1302 5049 1454 5106 communi
1480 5047 1597 5107 libertate

248 5146 456 5214 crtobeatnr,
480 5152 605 5205 mortem
629 5163 693 5204 esse
716 5144 887 5204 existimem.
926 5145 1009 5223 Agite
1030 5147 1133 5222 igitur,
1158 5146 1259 5223 optimi
1282 5147 1375 5216 circs,
1399 5147 1499 5208 adeste
1520 5163 1596 5225 popu·

384 5344 561 5413 lbleondro]
579 5347 735 5397 Alexandro
750 5350 809 5395 1.2.
856 5345 874 5378 ¹¹
894 5345 1007 5413 Prono]
1026 5347 1060 5397 de
1073 5346 1235 5413 Sickingon.
1289 5348 1396 5416 regem]
1410 5350 1595 5406 Germanicum,

317 5432 446 5483 Csrolum
458 5433 491 5481 V.
506 5432 626 5482 electum
645 5433 708 5497 imp.
722 5432 915 5482 Romanorum.
970 5429 990 5463 ¹³
1009 5430 1130 5481 Sclaiius
1143 5431 1253 5482 (lorello
1266 5433 1291 5481 1.
1298 5435 1324 5490 ,2.
1343 5434 1486 5486 Alemder
1502 5434 1596 5485 natione

315 5515 403 5566 Istrus
422 5517 484 5567 fuit.
537 5516 559 5548 ²⁷
577 5514 645 5582 scio]
666 5518 721 5566 scia
735 5517 758 5565 1.
769 5518 794 5564 2.
