<?xml version="1.0" encoding="UTF-8"?>
<!DOCTYPE html PUBLIC "-//W3C//DTD XHTML 1.0 Transitional//EN"
    "http://www.w3.org/TR/xhtml1/DTD/xhtml1-transitional.dtd">
<html xmlns="http://www.w3.org/1999/xhtml" xml:lang="en" lang="en">
 <head>
  <title>
</title>
<meta http-equiv="Content-Type" content="text/html;charset=utf-8" />
  <meta name='ocr-system' content='tesseract 3.04.00' />
  <meta name='ocr-capabilities' content='ocr_page ocr_carea ocr_par ocr_line ocrx_word'/>
</head>
<body>
  <div class='ocr_page' id='page_1' title='image "./ulrichihuttenie00huttgoog_0244.png"; bbox 0 0 3625 7050; ppageno 0'>
   <div class='ocr_carea' id='block_1_1' title="bbox 151 1223 1430 1292">
    <p class='ocr_par' dir='ltr' id='par_1_1' title="bbox 151 1223 1430 1292">
     <span class='ocr_line' id='line_1_1' title="bbox 151 1223 1430 1292; baseline -0.009 2"><span class='ocrx_word' id='word_1_1' title='bbox 151 1239 158 1251; x_wconf 50' lang='lat'>⁸</span> <span class='ocrx_word' id='word_1_2' title='bbox 250 1224 262 1292; x_wconf 74' lang='grc'>1</span> <span class='ocrx_word' id='word_1_3' title='bbox 276 1223 321 1292; x_wconf 73' lang='grc'><strong><em>14</em></strong></span> <span class='ocrx_word' id='word_1_4' title='bbox 365 1232 488 1287; x_wconf 64' lang='lat' dir='ltr'>XXXVI.</span> <span class='ocrx_word' id='word_1_5' title='bbox 506 1243 527 1283; x_wconf 80' lang='lat'><strong><em>2.</em></strong></span> <span class='ocrx_word' id='word_1_6' title='bbox 541 1249 605 1284; x_wconf 68' lang='lat' dir='ltr'><strong><em>ROB·</em></strong></span> <span class='ocrx_word' id='word_1_7' title='bbox 618 1248 700 1284; x_wconf 65' lang='lat' dir='ltr'><strong><em>nasu</em></strong></span> <span class='ocrx_word' id='word_1_8' title='bbox 713 1247 869 1284; x_wconf 66' lang='lat' dir='ltr'><strong><em>nuscanum</em></strong></span> <span class='ocrx_word' id='word_1_9' title='bbox 880 1247 1012 1283; x_wconf 64' lang='lat' dir='ltr'><strong><em>mnu..</em></strong></span> <span class='ocrx_word' id='word_1_10' title='bbox 1025 1247 1062 1282; x_wconf 74' lang='lat' dir='ltr'>m</span> <span class='ocrx_word' id='word_1_11' title='bbox 1075 1245 1198 1282; x_wconf 75' lang='lat' dir='ltr'><strong><em>uvmm</em></strong></span> <span class='ocrx_word' id='word_1_12' title='bbox 1211 1247 1303 1282; x_wconf 67' lang='lat' dir='ltr'><strong><em>BHM.</em></strong></span> <span class='ocrx_word' id='word_1_13' title='bbox 1317 1246 1430 1282; x_wconf 65' lang='lat' dir='ltr'><strong><em>mum.</em></strong></span> 
     </span>
    </p>
   </div>
   <div class='ocr_carea' id='block_1_2' title="bbox 299 1403 1350 5241">
    <p class='ocr_par' dir='ltr' id='par_1_2' title="bbox 299 1403 1350 5241">
     <span class='ocr_line' id='line_1_2' title="bbox 299 1403 1164 1480; baseline -0.002 -14"><span class='ocrx_word' id='word_1_14' title='bbox 299 1456 301 1459; x_wconf 95' lang='lat'>.</span> <span class='ocrx_word' id='word_1_15' title='bbox 397 1407 535 1480; x_wconf 79' lang='lat' dir='ltr'><strong><em>Lepimus</em></strong></span> <span class='ocrx_word' id='word_1_16' title='bbox 553 1411 582 1464; x_wconf 89' lang='lat' dir='ltr'><strong><em>el</em></strong></span> <span class='ocrx_word' id='word_1_17' title='bbox 597 1403 730 1464; x_wconf 80' lang='lat' dir='ltr'><strong><em>turbasse</em></strong></span> <span class='ocrx_word' id='word_1_18' title='bbox 745 1419 860 1476; x_wconf 84' lang='lat' dir='ltr'><strong><em>comas,</em></strong></span> <span class='ocrx_word' id='word_1_19' title='bbox 877 1405 1012 1479; x_wconf 86' lang='lat' dir='ltr'><strong><em>posuisse</em></strong></span> <span class='ocrx_word' id='word_1_20' title='bbox 1027 1405 1164 1476; x_wconf 77' lang='lat' dir='ltr'><strong><em>nituerit,</em></strong></span> 
     </span>
     <span class='ocr_line' id='line_1_3' title="bbox 357 1506 1258 1587; baseline -0.002 -20"><span class='ocrx_word' id='word_1_21' title='bbox 357 1528 369 1567; x_wconf 79' lang='lat'><strong>⁴</strong></span> <span class='ocrx_word' id='word_1_22' title='bbox 468 1507 529 1566; x_wconf 87' lang='lat' dir='ltr'><strong><em>Nec</em></strong></span> <span class='ocrx_word' id='word_1_23' title='bbox 548 1521 665 1580; x_wconf 72' lang='lat' dir='ltr'><strong><em>aemma</em></strong></span> <span class='ocrx_word' id='word_1_24' title='bbox 686 1506 794 1581; x_wconf 67' lang='lat' dir='ltr'><strong><em>dicitas</em></strong></span> <span class='ocrx_word' id='word_1_25' title='bbox 813 1509 943 1581; x_wconf 74' lang='lat' dir='ltr'><strong><em>amplius</em></strong></span> <span class='ocrx_word' id='word_1_26' title='bbox 962 1522 1025 1565; x_wconf 87' lang='lat' dir='ltr'><strong><em>csse</em></strong></span> <span class='ocrx_word' id='word_1_27' title='bbox 1043 1521 1170 1578; x_wconf 80' lang='lat' dir='ltr'><strong><em>pravas:</em></strong></span> <span class='ocrx_word' id='word_1_28' title='bbox 1256 1582 1258 1587; x_wconf 88' lang='lat'><em>.</em></span> 
     </span>
     <span class='ocr_line' id='line_1_4' title="bbox 397 1607 1114 1680; baseline -0.001 -12"><span class='ocrx_word' id='word_1_29' title='bbox 397 1608 436 1668; x_wconf 90' lang='lat' dir='ltr'><strong><em>Iu</em></strong></span> <span class='ocrx_word' id='word_1_30' title='bbox 453 1624 506 1667; x_wconf 84' lang='lat' dir='ltr'><strong><em>aas</em></strong></span> <span class='ocrx_word' id='word_1_31' title='bbox 526 1609 664 1667; x_wconf 85' lang='lat' dir='ltr'><strong><em>causaris</em></strong></span> <span class='ocrx_word' id='word_1_32' title='bbox 684 1609 826 1680; x_wconf 81' lang='lat' dir='ltr'><strong><em>ueplectce</em></strong></span> <span class='ocrx_word' id='word_1_33' title='bbox 842 1609 971 1668; x_wconf 85' lang='lat' dir='ltr'><strong><em>crimina</em></strong></span> <span class='ocrx_word' id='word_1_34' title='bbox 989 1607 1114 1680; x_wconf 77' lang='lat' dir='ltr'><strong><em>sama,</em></strong></span> 
     </span>
     <span class='ocr_line' id='line_1_5' title="bbox 471 1709 1121 1772; baseline 0.008 -5"><span class='ocrx_word' id='word_1_35' title='bbox 471 1709 511 1767; x_wconf 85' lang='lat' dir='ltr'><strong><em>Et</em></strong></span> <span class='ocrx_word' id='word_1_36' title='bbox 529 1711 651 1766; x_wconf 84' lang='lat' dir='ltr'><strong><em>nimium</em></strong></span> <span class='ocrx_word' id='word_1_37' title='bbox 671 1710 752 1768; x_wconf 84' lang='lat' dir='ltr'><strong><em>lenta</em></strong></span> <span class='ocrx_word' id='word_1_38' title='bbox 772 1709 877 1768; x_wconf 81' lang='lat' dir='ltr'><strong><em>scribis</em></strong></span> <span class='ocrx_word' id='word_1_39' title='bbox 899 1709 1000 1768; x_wconf 81' lang='lat' dir='ltr'><strong><em>abesse</em></strong></span> <span class='ocrx_word' id='word_1_40' title='bbox 1019 1724 1121 1772; x_wconf 77' lang='lat' dir='ltr'><strong><em>maras</em></strong></span> 
     </span>
     <span class='ocr_line' id='line_1_6' title="bbox 398 1809 1174 1884; baseline -0.001 -14"><span class='ocrx_word' id='word_1_41' title='bbox 398 1809 524 1883; x_wconf 78' lang='lat' dir='ltr'><strong><em>Scribis,</em></strong></span> <span class='ocrx_word' id='word_1_42' title='bbox 550 1816 583 1868; x_wconf 89' lang='lat' dir='ltr'><strong><em>ut</em></strong></span> <span class='ocrx_word' id='word_1_43' title='bbox 603 1809 649 1866; x_wconf 78' lang='lat' dir='ltr'><strong><em>liis</em></strong></span> <span class='ocrx_word' id='word_1_44' title='bbox 670 1812 752 1868; x_wconf 89' lang='lat' dir='ltr'><strong><em>curis</em></strong></span> <span class='ocrx_word' id='word_1_45' title='bbox 772 1811 824 1868; x_wconf 70' lang='lat' dir='ltr'><strong><em>vica</em></strong></span> <span class='ocrx_word' id='word_1_46' title='bbox 843 1813 939 1884; x_wconf 85' lang='lat' dir='ltr'><strong><em>possis</em></strong></span> <span class='ocrx_word' id='word_1_47' title='bbox 959 1826 1045 1884; x_wconf 81' lang='lat' dir='ltr'><strong><em>oepra</em></strong></span> <span class='ocrx_word' id='word_1_48' title='bbox 1066 1812 1174 1883; x_wconf 81' lang='lat' dir='ltr'><strong><em>leuari,</em></strong></span> 
     </span>
     <span class='ocr_line' id='line_1_7' title="bbox 358 1911 1005 1985; baseline -0.002 -14"><span class='ocrx_word' id='word_1_49' title='bbox 358 1933 370 1971; x_wconf 88' lang='lat' dir='ltr'><strong><em>s</em></strong></span> <span class='ocrx_word' id='word_1_50' title='bbox 471 1912 510 1969; x_wconf 87' lang='lat' dir='ltr'><strong><em>Et</em></strong></span> <span class='ocrx_word' id='word_1_51' title='bbox 529 1911 689 1984; x_wconf 83' lang='lat' dir='ltr'><strong><em>desperata</em></strong></span> <span class='ocrx_word' id='word_1_52' title='bbox 705 1927 786 1985; x_wconf 85' lang='lat' dir='ltr'><strong><em>peue</em></strong></span> <span class='ocrx_word' id='word_1_53' title='bbox 804 1913 900 1972; x_wconf 86' lang='lat' dir='ltr'><strong><em>salute</em></strong></span> <span class='ocrx_word' id='word_1_54' title='bbox 920 1915 1005 1972; x_wconf 83' lang='lat' dir='ltr'><strong><em>mai.</em></strong></span> 
     </span>
     <span class='ocr_line' id='line_1_8' title="bbox 378 2010 1281 2092; baseline 0.002 -21"><span class='ocrx_word' id='word_1_55' title='bbox 378 2089 380 2092; x_wconf 9' lang='grc' dir='ltr'><em>Α</em></span> <span class='ocrx_word' id='word_1_56' title='bbox 399 2013 434 2072; x_wconf 90' lang='lat' dir='ltr'><strong><em>Si</em></strong></span> <span class='ocrx_word' id='word_1_57' title='bbox 453 2027 513 2086; x_wconf 82' lang='lat' dir='ltr'><strong><em>qua</em></strong></span> <span class='ocrx_word' id='word_1_58' title='bbox 527 2010 591 2082; x_wconf 84' lang='lat' dir='ltr'><strong><em>suit</em></strong></span> <span class='ocrx_word' id='word_1_59' title='bbox 605 2027 695 2084; x_wconf 74' lang='lat' dir='ltr'><strong><em>atam</em></strong></span> <span class='ocrx_word' id='word_1_60' title='bbox 713 2027 766 2071; x_wconf 88' lang='lat' dir='ltr'><strong><em>nos</em></strong></span> <span class='ocrx_word' id='word_1_61' title='bbox 784 2014 873 2072; x_wconf 86' lang='lat' dir='ltr'><strong><em>uelles</em></strong></span> <span class='ocrx_word' id='word_1_62' title='bbox 894 2016 1007 2074; x_wconf 79' lang='lat' dir='ltr'><strong><em>misisse</em></strong></span> <span class='ocrx_word' id='word_1_63' title='bbox 1027 2017 1165 2086; x_wconf 75' lang='lat' dir='ltr'><strong><em>salutm,</em></strong></span> <span class='ocrx_word' id='word_1_64' title='bbox 1275 2033 1281 2043; x_wconf 93' lang='lat'><strong>·</strong></span> 
     </span>
     <span class='ocr_line' id='line_1_9' title="bbox 471 2105 1224 2188; baseline 0 -15"><span class='ocrx_word' id='word_1_65' title='bbox 471 2114 609 2187; x_wconf 86' lang='lat' dir='ltr'><strong><em>Despice,</em></strong></span> <span class='ocrx_word' id='word_1_66' title='bbox 627 2129 707 2173; x_wconf 86' lang='lat' dir='ltr'><strong><em>uuac</em></strong></span> <span class='ocrx_word' id='word_1_67' title='bbox 722 2105 855 2188; x_wconf 86' lang='lat' dir='ltr'><strong><em>primum</em></strong></span> <span class='ocrx_word' id='word_1_68' title='bbox 872 2122 917 2175; x_wconf 88' lang='lat' dir='ltr'><strong><em>est</em></strong></span> <span class='ocrx_word' id='word_1_69' title='bbox 931 2117 984 2174; x_wconf 91' lang='lat' dir='ltr'><strong><em>illa</em></strong></span> <span class='ocrx_word' id='word_1_70' title='bbox 1003 2115 1136 2187; x_wconf 71' lang='lat' dir='ltr'><strong><em>fauilla</em></strong></span> <span class='ocrx_word' id='word_1_71' title='bbox 1157 2116 1224 2175; x_wconf 79' lang='lat' dir='ltr'><strong><em>tici.-</em></strong></span> 
     </span>
     <span class='ocr_line' id='line_1_10' title="bbox 400 2216 1230 2292; baseline 0.001 -17"><span class='ocrx_word' id='word_1_72' title='bbox 400 2216 476 2275; x_wconf 87' lang='lat' dir='ltr'><strong><em>Nam</em></strong></span> <span class='ocrx_word' id='word_1_73' title='bbox 497 2222 548 2274; x_wconf 91' lang='lat' dir='ltr'><strong><em>tua</em></strong></span> <span class='ocrx_word' id='word_1_74' title='bbox 567 2216 611 2274; x_wconf 91' lang='lat' dir='ltr'><strong><em>sic</em></strong></span> <span class='ocrx_word' id='word_1_75' title='bbox 627 2217 758 2274; x_wconf 82' lang='lat' dir='ltr'><strong><em>animum</em></strong></span> <span class='ocrx_word' id='word_1_76' title='bbox 777 2219 923 2290; x_wconf 82' lang='lat' dir='ltr'><strong><em>permovit</em></strong></span> <span class='ocrx_word' id='word_1_77' title='bbox 939 2218 1062 2292; x_wconf 86' lang='lat' dir='ltr'><strong><em>epistola</em></strong></span> <span class='ocrx_word' id='word_1_78' title='bbox 1084 2223 1230 2290; x_wconf 69' lang='lat' dir='ltr'><strong><em>uasauu,</em></strong></span> 
     </span>
     <span class='ocr_line' id='line_1_11' title="bbox 348 2315 1225 2393; baseline 0.001 -16"><span class='ocrx_word' id='word_1_79' title='bbox 348 2337 371 2377; x_wconf 60' lang='grc' dir='ltr'><strong><em>ιν</em></strong></span> <span class='ocrx_word' id='word_1_80' title='bbox 474 2315 511 2376; x_wconf 86' lang='lat' dir='ltr'><strong><em>Ut</em></strong></span> <span class='ocrx_word' id='word_1_81' title='bbox 521 2320 668 2393; x_wconf 87' lang='lat' dir='ltr'><strong><em>placeant</em></strong></span> <span class='ocrx_word' id='word_1_82' title='bbox 689 2317 777 2377; x_wconf 82' lang='lat' dir='ltr'><strong><em>auida</em></strong></span> <span class='ocrx_word' id='word_1_83' title='bbox 792 2333 881 2392; x_wconf 80' lang='lat' dir='ltr'><strong><em>quam</em></strong></span> <span class='ocrx_word' id='word_1_84' title='bbox 905 2320 989 2378; x_wconf 89' lang='lat' dir='ltr'><strong><em>stilus</em></strong></span> <span class='ocrx_word' id='word_1_85' title='bbox 1004 2335 1093 2378; x_wconf 86' lang='lat' dir='ltr'><strong><em>arma</em></strong></span> <span class='ocrx_word' id='word_1_86' title='bbox 1111 2320 1225 2393; x_wconf 74' lang='lat' dir='ltr'><strong><em>mauis,-</em></strong></span> 
     </span>
     <span class='ocr_line' id='line_1_12' title="bbox 383 2418 1195 2493; baseline 0.009 -16"><span class='ocrx_word' id='word_1_87' title='bbox 383 2418 438 2477; x_wconf 83' lang='lat' dir='ltr'><strong><em>&#39;Et</em></strong></span> <span class='ocrx_word' id='word_1_88' title='bbox 458 2419 511 2478; x_wconf 81' lang='lat' dir='ltr'><strong><em>tibi</em></strong></span> <span class='ocrx_word' id='word_1_89' title='bbox 529 2435 587 2478; x_wconf 87' lang='lat' dir='ltr'><strong><em>acu</em></strong></span> <span class='ocrx_word' id='word_1_90' title='bbox 604 2419 708 2479; x_wconf 82' lang='lat' dir='ltr'><strong><em>eadem</em></strong></span> <span class='ocrx_word' id='word_1_91' title='bbox 728 2421 807 2479; x_wconf 89' lang='lat' dir='ltr'><strong><em>ratia</em></strong></span> <span class='ocrx_word' id='word_1_92' title='bbox 826 2426 882 2491; x_wconf 89' lang='lat' dir='ltr'><strong><em>est,</em></strong></span> <span class='ocrx_word' id='word_1_93' title='bbox 901 2437 957 2480; x_wconf 86' lang='lat' dir='ltr'><strong><em>acc</em></strong></span> <span class='ocrx_word' id='word_1_94' title='bbox 977 2423 1051 2480; x_wconf 87' lang='lat' dir='ltr'><strong><em>uelle</em></strong></span> <span class='ocrx_word' id='word_1_95' title='bbox 1070 2422 1195 2493; x_wconf 80' lang='lat' dir='ltr'><strong><em>uideris,</em></strong></span> 
     </span>
     <span class='ocr_line' id='line_1_13' title="bbox 474 2519 1106 2594; baseline 0.006 -15"><span class='ocrx_word' id='word_1_96' title='bbox 474 2520 610 2594; x_wconf 74' lang='lat' dir='ltr'><strong><em>Quisquis</em></strong></span> <span class='ocrx_word' id='word_1_97' title='bbox 626 2528 659 2578; x_wconf 90' lang='lat' dir='ltr'><strong><em>ut</em></strong></span> <span class='ocrx_word' id='word_1_98' title='bbox 679 2519 827 2594; x_wconf 75' lang='lat' dir='ltr'><strong><em>afflictam</em></strong></span> <span class='ocrx_word' id='word_1_99' title='bbox 844 2522 948 2580; x_wconf 80' lang='lat' dir='ltr'><strong><em>liberet</em></strong></span> <span class='ocrx_word' id='word_1_100' title='bbox 968 2522 1106 2585; x_wconf 83' lang='lat' dir='ltr'><strong><em>Italiam,-</em></strong></span> 
     </span>
     <span class='ocr_line' id='line_1_14' title="bbox 401 2619 1297 2707; baseline -0.002 -25"><span class='ocrx_word' id='word_1_101' title='bbox 401 2623 460 2683; x_wconf 87' lang='lat' dir='ltr'><strong><em>Nos</em></strong></span> <span class='ocrx_word' id='word_1_102' title='bbox 478 2619 594 2707; x_wconf 75' lang='lat' dir='ltr'><strong><em>repam,</em></strong></span> <span class='ocrx_word' id='word_1_103' title='bbox 616 2629 649 2680; x_wconf 90' lang='lat' dir='ltr'><strong><em>ut</em></strong></span> <span class='ocrx_word' id='word_1_104' title='bbox 670 2622 767 2688; x_wconf 79' lang='lat' dir='ltr'><strong><em>dccet,</em></strong></span> <span class='ocrx_word' id='word_1_105' title='bbox 787 2625 926 2696; x_wconf 73' lang='lat' dir='ltr'><strong><em>aaaascis</em></strong></span> <span class='ocrx_word' id='word_1_106' title='bbox 947 2624 1154 2697; x_wconf 77' lang='lat' dir='ltr'><strong><em>dominumque</em></strong></span> <span class='ocrx_word' id='word_1_107' title='bbox 1171 2622 1297 2694; x_wconf 80' lang='lat' dir='ltr'><strong><em>fateris,</em></strong></span> 
     </span>
     <span class='ocr_line' id='line_1_15' title="bbox 347 2704 1117 2794; baseline 0 -11"><span class='ocrx_word' id='word_1_108' title='bbox 347 2743 371 2784; x_wconf 75' lang='lat' dir='ltr'><strong><em>ss</em></strong></span> <span class='ocrx_word' id='word_1_109' title='bbox 470 2704 565 2784; x_wconf 79' lang='lat' dir='ltr'><strong><em>Dulce</em></strong></span> <span class='ocrx_word' id='word_1_110' title='bbox 584 2725 628 2781; x_wconf 86' lang='lat' dir='ltr'><strong><em>tui</em></strong></span> <span class='ocrx_word' id='word_1_111' title='bbox 643 2739 748 2782; x_wconf 83' lang='lat' dir='ltr'><strong><em>namen</em></strong></span> <span class='ocrx_word' id='word_1_112' title='bbox 772 2723 900 2783; x_wconf 75' lang='lat' dir='ltr'><strong><em>casaris</em></strong></span> <span class='ocrx_word' id='word_1_113' title='bbox 917 2725 995 2784; x_wconf 79' lang='lat' dir='ltr'><strong><em>illua</em></strong></span> <span class='ocrx_word' id='word_1_114' title='bbox 1014 2740 1117 2794; x_wconf 81' lang='lat' dir='ltr'><strong><em>amas,-</em></strong></span> 
     </span>
     <span class='ocr_line' id='line_1_16' title="bbox 401 2824 1249 2899; baseline 0.001 -16"><span class='ocrx_word' id='word_1_115' title='bbox 401 2825 465 2884; x_wconf 86' lang='lat' dir='ltr'><strong><em>Iiac</em></strong></span> <span class='ocrx_word' id='word_1_116' title='bbox 484 2831 578 2897; x_wconf 85' lang='lat' dir='ltr'><strong><em>aetus,</em></strong></span> <span class='ocrx_word' id='word_1_117' title='bbox 601 2825 657 2887; x_wconf 72' lang='lat' dir='ltr'><strong><em>lucc.</em></strong></span> <span class='ocrx_word' id='word_1_118' title='bbox 676 2827 806 2899; x_wconf 79' lang='lat' dir='ltr'><strong><em>supplex</em></strong></span> <span class='ocrx_word' id='word_1_119' title='bbox 827 2824 992 2899; x_wconf 70' lang='lat' dir='ltr'><strong><em>Aucustum</em></strong></span> <span class='ocrx_word' id='word_1_120' title='bbox 1013 2839 1118 2885; x_wconf 86' lang='lat' dir='ltr'><strong><em>uameu</em></strong></span> <span class='ocrx_word' id='word_1_121' title='bbox 1136 2826 1249 2885; x_wconf 82' lang='lat' dir='ltr'><strong><em>adoras</em></strong></span> 
     </span>
     <span class='ocr_line' id='line_1_17' title="bbox 416 2925 1182 3002; baseline 0.004 -18"><span class='ocrx_word' id='word_1_122' title='bbox 416 2925 418 2929; x_wconf 80' lang='grc'><strong>’</strong></span> <span class='ocrx_word' id='word_1_123' title='bbox 471 2929 566 3001; x_wconf 79' lang='lat' dir='ltr'><strong><em>Atque</em></strong></span> <span class='ocrx_word' id='word_1_124' title='bbox 586 2929 710 3001; x_wconf 81' lang='lat' dir='ltr'><strong><em>Aquilas</em></strong></span> <span class='ocrx_word' id='word_1_125' title='bbox 729 2930 852 3002; x_wconf 88' lang='lat' dir='ltr'><strong><em>repetis,</em></strong></span> <span class='ocrx_word' id='word_1_126' title='bbox 869 2928 964 2987; x_wconf 79' lang='lat' dir='ltr'><strong><em>libera</em></strong></span> <span class='ocrx_word' id='word_1_127' title='bbox 980 2929 1081 3002; x_wconf 81' lang='lat' dir='ltr'><strong><em>sipaa,</em></strong></span> <span class='ocrx_word' id='word_1_128' title='bbox 1099 2935 1182 2998; x_wconf 77' lang='lat' dir='ltr'><strong><em>tuas,-</em></strong></span> 
     </span>
     <span class='ocr_line' id='line_1_18' title="bbox 403 3028 1228 3104; baseline 0.004 -19"><span class='ocrx_word' id='word_1_129' title='bbox 403 3028 616 3087; x_wconf 81' lang='lat' dir='ltr'><strong><em>Cammemaras</em></strong></span> <span class='ocrx_word' id='word_1_130' title='bbox 632 3035 760 3088; x_wconf 74' lang='lat' dir='ltr'><strong><em>ueterum</em></strong></span> <span class='ocrx_word' id='word_1_131' title='bbox 780 3028 932 3089; x_wconf 85' lang='lat' dir='ltr'><strong><em>Mauortia</em></strong></span> <span class='ocrx_word' id='word_1_132' title='bbox 947 3028 1035 3101; x_wconf 83' lang='lat' dir='ltr'><strong><em>sacta</em></strong></span> <span class='ocrx_word' id='word_1_133' title='bbox 1054 3036 1228 3104; x_wconf 85' lang='lat' dir='ltr'><strong><em>pareatum,</em></strong></span> 
     </span>
     <span class='ocr_line' id='line_1_19' title="bbox 347 3129 1053 3206; baseline 0.001 -18"><span class='ocrx_word' id='word_1_134' title='bbox 347 3150 372 3189; x_wconf 78' lang='lat'><strong><em>20</em></strong></span> <span class='ocrx_word' id='word_1_135' title='bbox 471 3129 597 3190; x_wconf 84' lang='lat' dir='ltr'><strong><em>Restitui</em></strong></span> <span class='ocrx_word' id='word_1_136' title='bbox 614 3148 672 3205; x_wconf 82' lang='lat' dir='ltr'><strong><em>per</em></strong></span> <span class='ocrx_word' id='word_1_137' title='bbox 692 3148 746 3191; x_wconf 85' lang='lat' dir='ltr'><strong><em>aas</em></strong></span> <span class='ocrx_word' id='word_1_138' title='bbox 766 3138 795 3191; x_wconf 86' lang='lat' dir='ltr'><strong><em>et</em></strong></span> <span class='ocrx_word' id='word_1_139' title='bbox 809 3133 889 3206; x_wconf 86' lang='lat' dir='ltr'><strong><em>petis</em></strong></span> <span class='ocrx_word' id='word_1_140' title='bbox 910 3133 977 3206; x_wconf 90' lang='lat' dir='ltr'><strong><em>ipsa</em></strong></span> <span class='ocrx_word' id='word_1_141' title='bbox 993 3131 1053 3191; x_wconf 78' lang='lat' dir='ltr'><strong><em>tici.</em></strong></span> 
     </span>
     <span class='ocr_line' id='line_1_20' title="bbox 342 3233 1313 3309; baseline 0 -17"><span class='ocrx_word' id='word_1_142' title='bbox 342 3252 345 3256; x_wconf 91' lang='lat'>·</span> <span class='ocrx_word' id='word_1_143' title='bbox 400 3233 499 3292; x_wconf 84' lang='lat' dir='ltr'><em>Parce</em></span> <span class='ocrx_word' id='word_1_144' title='bbox 516 3235 602 3307; x_wconf 76' lang='lat' dir='ltr'><strong><em>queri</em></strong></span> <span class='ocrx_word' id='word_1_145' title='bbox 619 3249 763 3307; x_wconf 78' lang='lat' dir='ltr'><strong><em>seruaque</em></strong></span> <span class='ocrx_word' id='word_1_146' title='bbox 775 3233 866 3305; x_wconf 78' lang='lat' dir='ltr'><strong><em>fidem</em></strong></span> <span class='ocrx_word' id='word_1_147' title='bbox 887 3239 917 3292; x_wconf 86' lang='lat' dir='ltr'><strong><em>et</em></strong></span> <span class='ocrx_word' id='word_1_148' title='bbox 936 3250 1004 3308; x_wconf 86' lang='lat' dir='ltr'><strong><em>spes</em></strong></span> <span class='ocrx_word' id='word_1_149' title='bbox 1024 3236 1146 3309; x_wconf 76' lang='lat' dir='ltr'><strong><em>suscipe</em></strong></span> <span class='ocrx_word' id='word_1_150' title='bbox 1167 3241 1313 3307; x_wconf 64' lang='lat' dir='ltr'><strong><em>mappas·</em></strong></span> 
     </span>
     <span class='ocr_line' id='line_1_21' title="bbox 471 3333 1189 3409; baseline 0.006 -18"><span class='ocrx_word' id='word_1_151' title='bbox 471 3333 539 3392; x_wconf 87' lang='lat' dir='ltr'><strong><em>Iam</em></strong></span> <span class='ocrx_word' id='word_1_152' title='bbox 555 3335 620 3407; x_wconf 84' lang='lat' dir='ltr'><strong><em>tibi,</em></strong></span> <span class='ocrx_word' id='word_1_153' title='bbox 638 3352 676 3393; x_wconf 85' lang='lat' dir='ltr'><strong><em>ue</em></strong></span> <span class='ocrx_word' id='word_1_154' title='bbox 692 3335 808 3406; x_wconf 74' lang='lat' dir='ltr'><strong><em>dubita,</em></strong></span> <span class='ocrx_word' id='word_1_155' title='bbox 827 3341 927 3394; x_wconf 83' lang='lat' dir='ltr'><strong><em>noster</em></strong></span> <span class='ocrx_word' id='word_1_156' title='bbox 941 3337 1063 3395; x_wconf 75' lang='lat' dir='ltr'><em>anhelat</em></span> <span class='ocrx_word' id='word_1_157' title='bbox 1078 3352 1189 3409; x_wconf 83' lang='lat' dir='ltr'><strong><em>equus,·</em></strong></span> 
     </span>
     <span class='ocr_line' id='line_1_22' title="bbox 403 3418 1334 3525; baseline 0 -32"><span class='ocrx_word' id='word_1_158' title='bbox 403 3418 669 3525; x_wconf 77' lang='lat' dir='ltr'><strong><em>Ouautulacuuque</em></strong></span> <span class='ocrx_word' id='word_1_159' title='bbox 690 3444 774 3496; x_wconf 84' lang='lat' dir='ltr'><strong><em>uacet</em></strong></span> <span class='ocrx_word' id='word_1_160' title='bbox 790 3437 908 3511; x_wconf 73' lang='lat' dir='ltr'><strong><em>cupillis</em></strong></span> <span class='ocrx_word' id='word_1_161' title='bbox 928 3452 1028 3508; x_wconf 86' lang='lat' dir='ltr'><strong><em>mara,</em></strong></span> <span class='ocrx_word' id='word_1_162' title='bbox 1046 3443 1148 3496; x_wconf 81' lang='lat' dir='ltr'><strong><em>nostra</em></strong></span> <span class='ocrx_word' id='word_1_163' title='bbox 1169 3436 1224 3495; x_wconf 82' lang='lat' dir='ltr'><strong><em>sub</em></strong></span> <span class='ocrx_word' id='word_1_164' title='bbox 1240 3438 1334 3495; x_wconf 85' lang='lat' dir='ltr'><strong><em>armis</em></strong></span> 
     </span>
     <span class='ocr_line' id='line_1_23' title="bbox 347 3538 1096 3612; baseline 0.003 -18"><span class='ocrx_word' id='word_1_165' title='bbox 347 3555 371 3595; x_wconf 74' lang='lat' dir='ltr'><strong><em>us</em></strong></span> <span class='ocrx_word' id='word_1_166' title='bbox 471 3538 525 3596; x_wconf 82' lang='lat' dir='ltr'><strong><em>Est</em></strong></span> <span class='ocrx_word' id='word_1_167' title='bbox 541 3540 632 3612; x_wconf 78' lang='lat' dir='ltr'><strong><em>ipitur</em></strong></span> <span class='ocrx_word' id='word_1_168' title='bbox 649 3541 742 3598; x_wconf 86' lang='lat' dir='ltr'><strong><em>uariis</em></strong></span> <span class='ocrx_word' id='word_1_169' title='bbox 761 3542 861 3598; x_wconf 86' lang='lat' dir='ltr'><strong><em>littera</em></strong></span> <span class='ocrx_word' id='word_1_170' title='bbox 880 3538 988 3611; x_wconf 72' lang='lat' dir='ltr'><strong><em>fracta</em></strong></span> <span class='ocrx_word' id='word_1_171' title='bbox 1008 3542 1096 3599; x_wconf 79' lang='lat' dir='ltr'><strong><em>lacis:</em></strong></span> 
     </span>
     <span class='ocr_line' id='line_1_24' title="bbox 401 3637 1138 3723; baseline 0 -25"><span class='ocrx_word' id='word_1_172' title='bbox 401 3637 563 3699; x_wconf 79' lang='lat' dir='ltr'><strong><em>Scribimus</em></strong></span> <span class='ocrx_word' id='word_1_173' title='bbox 583 3646 612 3699; x_wconf 87' lang='lat' dir='ltr'><strong><em>et</em></strong></span> <span class='ocrx_word' id='word_1_174' title='bbox 627 3641 742 3723; x_wconf 84' lang='lat' dir='ltr'><strong><em>dictant</em></strong></span> <span class='ocrx_word' id='word_1_175' title='bbox 761 3643 848 3700; x_wconf 79' lang='lat' dir='ltr'><strong><em>irata</em></strong></span> <span class='ocrx_word' id='word_1_176' title='bbox 865 3641 956 3700; x_wconf 83' lang='lat' dir='ltr'><strong><em>acrba</em></strong></span> <span class='ocrx_word' id='word_1_177' title='bbox 976 3640 1138 3714; x_wconf 63' lang='lat' dir='ltr'><strong><em>amana,</em></strong></span> 
     </span>
     <span class='ocr_line' id='line_1_25' title="bbox 476 3741 1158 3816; baseline 0.001 -16"><span class='ocrx_word' id='word_1_178' title='bbox 476 3741 632 3802; x_wconf 78' lang='lat' dir='ltr'><strong><em>Terribiles</em></strong></span> <span class='ocrx_word' id='word_1_179' title='bbox 649 3743 788 3814; x_wconf 68' lang='lat' dir='ltr'><strong><em>referveat</em></strong></span> <span class='ocrx_word' id='word_1_180' title='bbox 807 3746 927 3816; x_wconf 81' lang='lat' dir='ltr'><strong><em>siupula</em></strong></span> <span class='ocrx_word' id='word_1_181' title='bbox 948 3742 1038 3801; x_wconf 85' lang='lat' dir='ltr'><strong><em>verba</em></strong></span> <span class='ocrx_word' id='word_1_182' title='bbox 1058 3742 1158 3810; x_wconf 82' lang='lat' dir='ltr'><strong><em>tubas,-</em></strong></span> 
     </span>
     <span class='ocr_line' id='line_1_26' title="bbox 401 3842 1255 3919; baseline -0.001 -17"><span class='ocrx_word' id='word_1_183' title='bbox 401 3843 487 3903; x_wconf 85' lang='lat' dir='ltr'><strong><em>Nuuc</em></strong></span> <span class='ocrx_word' id='word_1_184' title='bbox 509 3844 582 3903; x_wconf 77' lang='lat' dir='ltr'><strong><em>milti</em></strong></span> <span class='ocrx_word' id='word_1_185' title='bbox 602 3842 774 3904; x_wconf 78' lang='lat' dir='ltr'><strong><em>Teutonicas</em></strong></span> <span class='ocrx_word' id='word_1_186' title='bbox 791 3846 893 3904; x_wconf 83' lang='lat' dir='ltr'><strong><em>uidear</em></strong></span> <span class='ocrx_word' id='word_1_187' title='bbox 918 3851 1054 3919; x_wconf 86' lang='lat' dir='ltr'><strong><em>spectare</em></strong></span> <span class='ocrx_word' id='word_1_188' title='bbox 1073 3845 1255 3918; x_wconf 73' lang='lat' dir='ltr'><strong><em>plaiaupes,</em></strong></span> 
     </span>
     <span class='ocr_line' id='line_1_27' title="bbox 346 3945 1189 4021; baseline -0.004 -16"><span class='ocrx_word' id='word_1_189' title='bbox 346 3966 371 4005; x_wconf 73' lang='lat' dir='ltr'><strong><em>us</em></strong></span> <span class='ocrx_word' id='word_1_190' title='bbox 470 3945 521 4003; x_wconf 82' lang='lat' dir='ltr'><strong><em>Eu</em></strong></span> <span class='ocrx_word' id='word_1_191' title='bbox 541 3963 603 4004; x_wconf 86' lang='lat' dir='ltr'><strong><em>uua</em></strong></span> <span class='ocrx_word' id='word_1_192' title='bbox 624 3949 734 4019; x_wconf 82' lang='lat' dir='ltr'><strong><em>quaties</em></strong></span> <span class='ocrx_word' id='word_1_193' title='bbox 756 3949 869 4021; x_wconf 87' lang='lat' dir='ltr'><strong><em>scripta</em></strong></span> <span class='ocrx_word' id='word_1_194' title='bbox 891 3946 1000 4004; x_wconf 81' lang='lat' dir='ltr'><strong><em>catella</em></strong></span> <span class='ocrx_word' id='word_1_195' title='bbox 1015 3947 1113 4019; x_wconf 78' lang='lat' dir='ltr'><strong><em>plapa</em></strong></span> <span class='ocrx_word' id='word_1_196' title='bbox 1132 3952 1189 4015; x_wconf 88' lang='lat' dir='ltr'><strong><em>est,</em></strong></span> 
     </span>
     <span class='ocr_line' id='line_1_28' title="bbox 401 4046 1205 4121; baseline 0.001 -17"><span class='ocrx_word' id='word_1_197' title='bbox 401 4047 486 4107; x_wconf 81' lang='lat' dir='ltr'><strong><em>Nunc</em></strong></span> <span class='ocrx_word' id='word_1_198' title='bbox 507 4050 611 4121; x_wconf 79' lang='lat' dir='ltr'><strong><em>lappas</em></strong></span> <span class='ocrx_word' id='word_1_199' title='bbox 627 4048 761 4108; x_wconf 74' lang='lat' dir='ltr'><strong><em>brevibus</em></strong></span> <span class='ocrx_word' id='word_1_200' title='bbox 778 4046 1068 4107; x_wconf 81' lang='lat' dir='ltr'><strong><em>certareaalouilus</em></strong></span> <span class='ocrx_word' id='word_1_201' title='bbox 1089 4048 1205 4118; x_wconf 76' lang='lat' dir='ltr'><strong><em>uastas,</em></strong></span> 
     </span>
     <span class='ocr_line' id='line_1_29' title="bbox 474 4138 1248 4234; baseline 0 -28"><span class='ocrx_word' id='word_1_202' title='bbox 474 4149 545 4207; x_wconf 78' lang='lat' dir='ltr'><strong><em>Cum</em></strong></span> <span class='ocrx_word' id='word_1_203' title='bbox 560 4150 638 4206; x_wconf 87' lang='lat' dir='ltr'><strong><em>stetit</em></strong></span> <span class='ocrx_word' id='word_1_204' title='bbox 658 4138 707 4209; x_wconf 80' lang='lat' dir='ltr'><strong><em>iac</em></strong></span> <span class='ocrx_word' id='word_1_205' title='bbox 725 4166 826 4209; x_wconf 86' lang='lat' dir='ltr'><strong><em>uersus</em></strong></span> <span class='ocrx_word' id='word_1_206' title='bbox 845 4151 976 4223; x_wconf 65' lang='lat' dir='ltr'><strong><em>icimur,</em></strong></span> <span class='ocrx_word' id='word_1_207' title='bbox 998 4151 1049 4234; x_wconf 83' lang='lat' dir='ltr'><strong><em>ille</em></strong></span> <span class='ocrx_word' id='word_1_208' title='bbox 1066 4149 1179 4208; x_wconf 80' lang='lat' dir='ltr'><strong><em>breuis:</em></strong></span> <span class='ocrx_word' id='word_1_209' title='bbox 1245 4186 1248 4190; x_wconf 62' lang='lat'><strong><em>‹</em></strong></span> 
     </span>
     <span class='ocr_line' id='line_1_30' title="bbox 399 4247 1096 4331; baseline 0.004 -25"><span class='ocrx_word' id='word_1_210' title='bbox 399 4247 519 4308; x_wconf 80' lang='lat' dir='ltr'><strong><em>Scilicet</em></strong></span> <span class='ocrx_word' id='word_1_211' title='bbox 533 4267 573 4308; x_wconf 85' lang='lat' dir='ltr'><strong><em>ex</em></strong></span> <span class='ocrx_word' id='word_1_212' title='bbox 595 4252 652 4307; x_wconf 87' lang='lat' dir='ltr'><strong><em>ista</em></strong></span> <span class='ocrx_word' id='word_1_213' title='bbox 665 4254 844 4331; x_wconf 82' lang='lat' dir='ltr'><strong><em>promissam</em></strong></span> <span class='ocrx_word' id='word_1_214' title='bbox 861 4258 953 4326; x_wconf 86' lang='lat' dir='ltr'><strong><em>parte</em></strong></span> <span class='ocrx_word' id='word_1_215' title='bbox 972 4250 1096 4309; x_wconf 83' lang='lat' dir='ltr'><strong><em>salutem</em></strong></span> 
     </span>
     <span class='ocr_line' id='line_1_31' title="bbox 346 4349 1088 4425; baseline 0.005 -19"><span class='ocrx_word' id='word_1_216' title='bbox 346 4368 371 4407; x_wconf 75' lang='lat' dir='ltr'><strong><em>si</em></strong></span> <span class='ocrx_word' id='word_1_217' title='bbox 474 4349 512 4408; x_wconf 87' lang='lat' dir='ltr'><strong><em>llt</em></strong></span> <span class='ocrx_word' id='word_1_218' title='bbox 528 4354 646 4409; x_wconf 85' lang='lat' dir='ltr'><strong><em>missam</em></strong></span> <span class='ocrx_word' id='word_1_219' title='bbox 663 4368 766 4425; x_wconf 86' lang='lat' dir='ltr'><strong><em>posses</em></strong></span> <span class='ocrx_word' id='word_1_220' title='bbox 786 4352 901 4424; x_wconf 83' lang='lat' dir='ltr'><strong><em>dicere,</em></strong></span> <span class='ocrx_word' id='word_1_221' title='bbox 922 4368 999 4412; x_wconf 90' lang='lat' dir='ltr'><strong><em>cura</em></strong></span> <span class='ocrx_word' id='word_1_222' title='bbox 1017 4352 1088 4424; x_wconf 84' lang='lat' dir='ltr'><strong><em>suit.</em></strong></span> 
     </span>
     <span class='ocr_line' id='line_1_32' title="bbox 400 4451 1179 4527; baseline 0.003 -17"><span class='ocrx_word' id='word_1_223' title='bbox 400 4451 483 4525; x_wconf 80' lang='lat' dir='ltr'><strong><em>Erpa</em></strong></span> <span class='ocrx_word' id='word_1_224' title='bbox 499 4454 543 4511; x_wconf 83' lang='lat' dir='ltr'><strong><em>aa</em></strong></span> <span class='ocrx_word' id='word_1_225' title='bbox 558 4461 585 4512; x_wconf 84' lang='lat' dir='ltr'><strong><em>tc</em></strong></span> <span class='ocrx_word' id='word_1_226' title='bbox 604 4453 720 4511; x_wconf 71' lang='lat' dir='ltr'><strong><em>breuia</em></strong></span> <span class='ocrx_word' id='word_1_227' title='bbox 736 4460 816 4511; x_wconf 84' lang='lat' dir='ltr'><strong><em>tauta</em></strong></span> <span class='ocrx_word' id='word_1_228' title='bbox 838 4454 890 4512; x_wconf 81' lang='lat' dir='ltr'><strong><em>ibit</em></strong></span> <span class='ocrx_word' id='word_1_229' title='bbox 909 4456 1047 4527; x_wconf 85' lang='lat' dir='ltr'><strong><em>epistota,</em></strong></span> <span class='ocrx_word' id='word_1_230' title='bbox 1069 4461 1179 4527; x_wconf 81' lang='lat' dir='ltr'><strong><em>quauta</em></strong></span> 
     </span>
     <span class='ocr_line' id='line_1_33' title="bbox 472 4539 1124 4629; baseline 0 -16"><span class='ocrx_word' id='word_1_231' title='bbox 472 4553 532 4613; x_wconf 82' lang='lat' dir='ltr'><strong><em>Pro</em></strong></span> <span class='ocrx_word' id='word_1_232' title='bbox 554 4562 581 4613; x_wconf 82' lang='lat' dir='ltr'><strong><em>te</em></strong></span> <span class='ocrx_word' id='word_1_233' title='bbox 602 4557 742 4629; x_wconf 81' lang='lat' dir='ltr'><strong><em>suscipiet</em></strong></span> <span class='ocrx_word' id='word_1_234' title='bbox 757 4557 873 4628; x_wconf 81' lang='lat' dir='ltr'><strong><em>loupiac</em></strong></span> <span class='ocrx_word' id='word_1_235' title='bbox 890 4539 979 4614; x_wconf 89' lang='lat' dir='ltr'><strong><em>arma</em></strong></span> <span class='ocrx_word' id='word_1_236' title='bbox 1001 4570 1124 4613; x_wconf 78' lang='lat' dir='ltr'><strong><em>matius:</em></strong></span> 
     </span>
     <span class='ocr_line' id='line_1_34' title="bbox 400 4654 1218 4732; baseline 0.001 -18"><span class='ocrx_word' id='word_1_237' title='bbox 400 4656 534 4730; x_wconf 79' lang='lat' dir='ltr'><strong><em>Namque</em></strong></span> <span class='ocrx_word' id='word_1_238' title='bbox 554 4657 629 4731; x_wconf 84' lang='lat' dir='ltr'><strong><em>quial</em></strong></span> <span class='ocrx_word' id='word_1_239' title='bbox 644 4658 770 4732; x_wconf 81' lang='lat' dir='ltr'><strong><em>Alpinas</em></strong></span> <span class='ocrx_word' id='word_1_240' title='bbox 787 4654 884 4727; x_wconf 83' lang='lat' dir='ltr'><strong><em>suerit</em></strong></span> <span class='ocrx_word' id='word_1_241' title='bbox 904 4659 1025 4716; x_wconf 86' lang='lat' dir='ltr'><strong><em>mouisse</em></strong></span> <span class='ocrx_word' id='word_1_242' title='bbox 1046 4657 1099 4715; x_wconf 83' lang='lat' dir='ltr'><strong><em>sub</em></strong></span> <span class='ocrx_word' id='word_1_243' title='bbox 1119 4673 1218 4729; x_wconf 86' lang='lat' dir='ltr'><strong><em>arces,</em></strong></span> 
     </span>
     <span class='ocr_line' id='line_1_35' title="bbox 346 4755 1171 4833; baseline 0.002 -18"><span class='ocrx_word' id='word_1_244' title='bbox 346 4775 371 4815; x_wconf 81' lang='lat' dir='ltr'><strong><em>ss</em></strong></span> <span class='ocrx_word' id='word_1_245' title='bbox 470 4758 624 4833; x_wconf 75' lang='lat' dir='ltr'><strong><em>Afflictam</em></strong></span> <span class='ocrx_word' id='word_1_246' title='bbox 645 4776 711 4819; x_wconf 87' lang='lat' dir='ltr'><strong><em>cum</em></strong></span> <span class='ocrx_word' id='word_1_247' title='bbox 731 4775 792 4818; x_wconf 84' lang='lat' dir='ltr'><strong><em>aaa</em></strong></span> <span class='ocrx_word' id='word_1_248' title='bbox 814 4761 880 4833; x_wconf 85' lang='lat' dir='ltr'><strong><em>ipsa</em></strong></span> <span class='ocrx_word' id='word_1_249' title='bbox 902 4774 1032 4831; x_wconf 66' lang='lat' dir='ltr'><strong><em>aurare</em></strong></span> <span class='ocrx_word' id='word_1_250' title='bbox 1052 4755 1171 4817; x_wconf 80' lang='lat' dir='ltr'><strong><em>miuus?</em></strong></span> 
     </span>
     <span class='ocr_line' id='line_1_36' title="bbox 401 4858 1350 4934; baseline -0.002 -17"><span class='ocrx_word' id='word_1_251' title='bbox 401 4860 489 4919; x_wconf 89' lang='lat' dir='ltr'><strong><em>Mcue</em></strong></span> <span class='ocrx_word' id='word_1_252' title='bbox 510 4859 676 4920; x_wconf 77' lang='lat' dir='ltr'><strong><em>Tridentini</em></strong></span> <span class='ocrx_word' id='word_1_253' title='bbox 694 4863 795 4921; x_wconf 80' lang='lat' dir='ltr'><strong><em>urban</em></strong></span> <span class='ocrx_word' id='word_1_254' title='bbox 814 4877 972 4934; x_wconf 69' lang='lat' dir='ltr'><strong><em>superasse</em></strong></span> <span class='ocrx_word' id='word_1_255' title='bbox 988 4860 1174 4934; x_wconf 71' lang='lat' dir='ltr'><strong><em>Atticumque</em></strong></span> <span class='ocrx_word' id='word_1_256' title='bbox 1189 4858 1350 4931; x_wconf 75' lang='lat' dir='ltr'><strong><em>[capusum</em></strong></span> 
     </span>
     <span class='ocr_line' id='line_1_37' title="bbox 472 4958 1070 5037; baseline -0.003 -16"><span class='ocrx_word' id='word_1_257' title='bbox 472 4962 647 5022; x_wconf 70' lang='lat' dir='ltr'><strong><em>ludibrium</em></strong></span> <span class='ocrx_word' id='word_1_258' title='bbox 666 4962 761 5035; x_wconf 75' lang='lat' dir='ltr'><strong><em>sicma</em></strong></span> <span class='ocrx_word' id='word_1_259' title='bbox 783 4964 972 5037; x_wconf 79' lang='lat' dir='ltr'><strong><em>despicientis</em></strong></span> <span class='ocrx_word' id='word_1_260' title='bbox 991 4958 1070 5019; x_wconf 81' lang='lat' dir='ltr'><strong><em>crit?</em></strong></span> 
     </span>
     <span class='ocr_line' id='line_1_38' title="bbox 399 5063 1193 5138; baseline -0.001 -17"><span class='ocrx_word' id='word_1_261' title='bbox 399 5063 460 5122; x_wconf 88' lang='lat' dir='ltr'><strong><em>Illa</em></strong></span> <span class='ocrx_word' id='word_1_262' title='bbox 483 5065 600 5137; x_wconf 79' lang='lat' dir='ltr'><strong><em>quidem</em></strong></span> <span class='ocrx_word' id='word_1_263' title='bbox 622 5081 681 5125; x_wconf 86' lang='lat' dir='ltr'><strong><em>aaa</em></strong></span> <span class='ocrx_word' id='word_1_264' title='bbox 701 5081 781 5125; x_wconf 83' lang='lat' dir='ltr'><strong><em>caua</em></strong></span> <span class='ocrx_word' id='word_1_265' title='bbox 800 5072 867 5123; x_wconf 87' lang='lat' dir='ltr'><strong><em>tuas</em></strong></span> <span class='ocrx_word' id='word_1_266' title='bbox 884 5065 1021 5138; x_wconf 85' lang='lat' dir='ltr'><strong><em>peruenit</em></strong></span> <span class='ocrx_word' id='word_1_267' title='bbox 1040 5063 1084 5121; x_wconf 84' lang='lat' dir='ltr'><strong><em>ael</em></strong></span> <span class='ocrx_word' id='word_1_268' title='bbox 1102 5079 1193 5121; x_wconf 86' lang='lat' dir='ltr'><strong><em>aures</em></strong></span> 
     </span>
     <span class='ocr_line' id='line_1_39' title="bbox 349 5168 1226 5241; baseline -0.003 -16"><span class='ocrx_word' id='word_1_269' title='bbox 349 5185 375 5225; x_wconf 79' lang='lat' dir='ltr'><strong><em>a</em></strong></span> <span class='ocrx_word' id='word_1_270' title='bbox 474 5168 569 5240; x_wconf 78' lang='lat' dir='ltr'><strong><em>Atque</em></strong></span> <span class='ocrx_word' id='word_1_271' title='bbox 588 5168 705 5241; x_wconf 81' lang='lat' dir='ltr'><strong><em>aliquid</em></strong></span> <span class='ocrx_word' id='word_1_272' title='bbox 723 5170 820 5227; x_wconf 87' lang='lat' dir='ltr'><strong><em>maius</em></strong></span> <span class='ocrx_word' id='word_1_273' title='bbox 841 5182 931 5241; x_wconf 83' lang='lat' dir='ltr'><strong><em>quam</em></strong></span> <span class='ocrx_word' id='word_1_274' title='bbox 951 5169 1121 5240; x_wconf 75' lang='lat' dir='ltr'><strong><em>loqueretur</em></strong></span> <span class='ocrx_word' id='word_1_275' title='bbox 1142 5169 1226 5231; x_wconf 87' lang='lat' dir='ltr'><strong><em>erat,·</em></strong></span> 
     </span>
    </p>
   </div>
   <div class='ocr_carea' id='block_1_3' title="bbox 250 5347 452 5357">
    <p class='ocr_par' dir='ltr' id='par_1_3' title="bbox 250 5347 452 5357">
     <span class='ocr_line' id='line_1_40' title="bbox 250 5347 452 5357; baseline 0.005 -2"><span class='ocrx_word' id='word_1_276' title='bbox 250 5347 452 5357; x_wconf 82' lang='lat'><strong><em>——-</em></strong></span> 
     </span>
    </p>
   </div>
   <div class='ocr_carea' id='block_1_4' title="bbox 249 5446 1560 5607">
    <p class='ocr_par' dir='ltr' id='par_1_4' title="bbox 249 5446 1560 5607">
     <span class='ocr_line' id='line_1_41' title="bbox 265 5446 1560 5533; baseline -0.008 -14"><span class='ocrx_word' id='word_1_277' title='bbox 265 5473 268 5478; x_wconf 88' lang='grc'><strong><em>’</em></strong></span> <span class='ocrx_word' id='word_1_278' title='bbox 317 5467 340 5501; x_wconf 83' lang='lat'><strong><em>¹⁴</em></strong></span> <span class='ocrx_word' id='word_1_279' title='bbox 353 5446 479 5519; x_wconf 60' lang='lat' dir='ltr'><strong><em>adflaa‘.</em></strong></span> <span class='ocrx_word' id='word_1_280' title='bbox 527 5466 709 5520; x_wconf 62' lang='lat' dir='ltr'><strong><em>”litera-ia.</em></strong></span> <span class='ocrx_word' id='word_1_281' title='bbox 762 5466 912 5533; x_wconf 77' lang='lat' dir='ltr'><strong><em>²⁵et]ut5.</em></strong></span> <span class='ocrx_word' id='word_1_282' title='bbox 960 5468 1100 5517; x_wconf 78' lang='lat' dir='ltr'><strong><em>Cumoenae</em></strong></span> <span class='ocrx_word' id='word_1_283' title='bbox 1114 5469 1188 5517; x_wconf 59' lang='lat' dir='ltr'><strong><em>imi.</em></strong></span> <span class='ocrx_word' id='word_1_284' title='bbox 1242 5462 1407 5513; x_wconf 55' lang='lat' dir='ltr'><strong><em>“Alista</em></strong></span> <span class='ocrx_word' id='word_1_285' title='bbox 1452 5450 1560 5508; x_wconf 46' lang='lat' dir='ltr'><strong><em>&#39;&#39;A“</em></strong></span> 
     </span>
     <span class='ocr_line' id='line_1_42' title="bbox 249 5554 455 5607; baseline 0.01 -2"><span class='ocrx_word' id='word_1_286' title='bbox 249 5558 316 5605; x_wconf 77' lang='lat' dir='ltr'><strong><em>elate</em></strong></span> <span class='ocrx_word' id='word_1_287' title='bbox 335 5570 360 5603; x_wconf 89' lang='lat' dir='ltr'><strong><em>a.</em></strong></span> <span class='ocrx_word' id='word_1_288' title='bbox 381 5554 455 5607; x_wconf 75' lang='lat'><strong>1509.</strong></span> 
     </span>
    </p>
   </div>
   <div class='ocr_carea' id='block_1_5' title="bbox 0 0 1818 7046">
    <p class='ocr_par' dir='ltr' id='par_1_5' title="bbox 0 0 1818 7046">
     <span class='ocr_line' id='line_1_43' title="bbox 0 0 1818 7046; baseline 0 0"><span class='ocrx_word' id='word_1_289' title='bbox 0 0 1818 7046; x_wconf 95' lang='lat' dir='ltr'><strong><em> </em></strong></span> 
     </span>
    </p>
   </div>
  </div>
 </body>
</html>
