3625 7050
328 1200 400 1280 444
426 1214 548 1267 ecxnl.
556 1230 592 1265 ax
604 1229 684 1266 ouer.
695 1229 731 1266 so
742 1230 840 1268 cason.
849 1230 913 1268 Avo.
921 1232 955 1268 ar
974 1215 1092 1269 CCXIV.
1100 1234 1195 1270 conss.
1206 1233 1310 1269 erasm
1321 1234 1356 1270 os
1366 1230 1625 1270 omnesomnes.

328 1396 409 1453 modo
431 1408 499 1465 erpa
522 1408 579 1448 non
601 1391 675 1446 millo
698 1393 835 1447 mortibus
857 1393 933 1448 verrit
953 1393 1095 1450 obnoxius
1117 1396 1167 1466 qui
1187 1411 1252 1450 cum
1273 1394 1304 1448 io
1326 1394 1494 1464 exemplum
1512 1393 1628 1463 positus

327 1485 364 1539 sit
383 1481 552 1552 probitatis,
576 1483 688 1549 praeter
710 1479 860 1548 rapinum,
889 1481 999 1533 crimen
1019 1497 1075 1551 per
1096 1496 1127 1534 se
1149 1479 1519 1551 turpissimum,‘admittit
1540 1479 1626 1531 etiam

328 1567 507 1637 ueneficium,
530 1569 557 1619 et
580 1564 656 1633 quod
674 1565 794 1632 araoius
815 1571 870 1630 est,
899 1566 1015 1618 iucunde
1044 1571 1071 1620 et
1098 1567 1300 1636 inauspicato?
1338 1564 1414 1630 Quid
1434 1564 1525 1634 igitur
1548 1563 1629 1615 aliud

325 1651 396 1723 fecit
418 1667 503 1720 quom
526 1649 645 1703 occidit?
679 1665 744 1701 eum
766 1650 794 1701 in
817 1650 852 1703 iis
878 1666 936 1704 non
964 1655 1022 1703 tom
1052 1652 1183 1706 uoluntas
1209 1655 1359 1720 speetotur
1385 1665 1473 1719 quom
1502 1645 1625 1716 foetum.

330 1738 352 1791 0
375 1737 551 1806 reliyionem,
574 1751 590 1787 o
611 1733 762 1799 sceeulum,
786 1751 802 1787 o
824 1734 1006 1802 Pontificem!
1039 1734 1095 1800 Qui
1116 1742 1155 1790 tot
1173 1736 1328 1805 perdidicit
1340 1733 1562 1806 prominulam,
1586 1736 1645 1787 tots

328 1821 472 1885 rhetores,
496 1825 535 1873 tot
557 1819 641 1872 etiam
664 1817 856 1889 tbeoloporum
879 1820 975 1875 abdita
994 1823 1171 1890 penetravit,
1195 1822 1245 1891 qui
1266 1820 1338 1875 nibil
1357 1836 1415 1874 non
1437 1824 1481 1872 est
1501 1817 1626 1870 rimatus

249 1931 252 1935 ’
327 1908 357 1961 in
379 1905 547 1974 seripturis,
571 1903 600 1956 in
623 1904 735 1972 optimis
757 1903 939 1970 authoribus,
962 1905 992 1958 in
1014 1905 1155 1972 historiis,
1178 1907 1230 1976 qui
1242 1910 1299 1959 tam
1315 1905 1397 1975 lanae
1418 1904 1535 1971 lateque
1554 1915 1624 1969 per·

327 1991 441 2061 ayraoit
466 1989 626 2044 studiorum
655 1989 831 2055 ciceidemias,
863 1990 938 2060 apite
960 2005 1069 2059 quaeso,
1098 2009 1114 2045 o
1141 1991 1319 2045 serenissimi
1344 1988 1508 2058 principes,
1536 1982 1624 2053 fasne

328 2080 370 2130 est
392 2076 469 2129 illum
492 2079 549 2127 tam
573 2075 674 2127 misere
695 2074 834 2128 interire?
861 2074 923 2128 luae
945 2089 1055 2129 merces
1075 2078 1131 2130 erit
1152 2081 1192 2130 tat
1214 2082 1342 2130 aetorum
1365 2073 1518 2127 laborum?
1548 2067 1624 2121 brine

328 2161 451 2216 vinctum
474 2158 594 2212 tradetis
617 2157 750 2211 Siboritis
771 2160 986 2214 euiratissimis?
1013 2158 1067 2214 boe
1086 2162 1238 2230 proemium
1260 2162 1315 2214 erit
1336 2158 1432 2212 militis
1448 2151 1623 2215 Herculani,
1636 2164 1657 2202 u

328 2253 386 2299 torn
410 2244 485 2298 uobis
506 2240 641 2312 officiosi,
671 2249 729 2295 tam
751 2243 865 2298 emeriti
883 2245 919 2298 de
938 2247 1052 2314 patria,
1079 2246 1114 2300 de
1136 2245 1264 2301 omnibus
1285 2242 1465 2298 bominibus?
1498 2238 1533 2291 Si
1555 2237 1624 2289 tolia

328 2329 488 2384 decernetis
510 2328 634 2397 praemia
659 2328 767 2395 petrice
792 2328 932 2383 libertatis
953 2331 1126 2397 vindicibus,
1157 2331 1227 2401 quid
1251 2345 1316 2384 cum
1342 2327 1461 2397 furibus
1483 2322 1577 2393 apetis
1598 2325 1624 2372 ct

327 2413 460 2470 sicariis?
494 2410 527 2466 Si
547 2412 599 2465 boc
618 2413 796 2481 permittitis,
827 2415 883 2467 iom
907 2430 1019 2485 quoque
1045 2421 1073 2469 et
1099 2416 1175 2470 vobis
1201 2413 1386 2470 imminebunt
1407 2409 1485 2464 mola
1508 2405 1623 2465 similia,

327 2498 466 2569 siquidem
488 2497 641 2550 timendum
663 2498 732 2562 erit,
761 2512 797 2550 ne
824 2499 851 2551 si
876 2501 964 2553 semel
991 2499 1163 2555 obtinuerint
1191 2498 1234 2561 (ut
1255 2499 1371 2569 contipit
1393 2494 1503 2566 ferme)
1534 2489 1624 2558 mauis

327 2597 380 2637 nos
405 2582 523 2636 serviles
547 2579 663 2651 seiciont
689 2598 776 2651 arioni
803 2582 868 2637 olim
892 2583 981 2638 Cares
1008 2586 1052 2639 ool
1072 2583 1237 2641 Messenios.
1280 2582 1448 2637 Decernunt
1470 2577 1525 2630 boc
1547 2575 1622 2642 'fbf‘
1633 2588 1655 2626 ¹⁵

327 2670 412 2737 ipsae,
442 2672 472 2720 ut
499 2667 527 2720 in
554 2667 638 2720 malis
664 2667 777 2722 caiusis
802 2670 1009 2738 propensiores
1033 2671 1091 2724 sint
1116 2670 1225 2725 iudices
1252 2669 1291 2722 od
1312 2663 1513 2722 absolvendum
1538 2673 1622 2729 quom

328 2752 367 2806 ad
387 2751 582 2811 damnandum
606 2793 756 2805 .......
801 2750 844 2805 lle
873 2755 993 2808 ueritate
1020 2753 1066 2808 bie
1096 2755 1124 2808 in
1152 2755 1286 2810 iudicium
1316 2755 1450 2814 uocatur,
1480 2760 1569 2816 qeeom
1594 2746 1624 2794 1¹¹

236 2880 237 2886 ,
328 2833 504 2905 defendatis,
533 2836 610 2890 oobis
639 2836 674 2890 ab
697 2836 841 2890 Altissimo
867 2839 936 2892 dato
966 2846 1008 2892 est
1029 2845 1158 2908 potestas
1181 2879 1286 2894 .....
1337 2834 1424 2889 Venio
1452 2832 1492 2885 ad
1520 2824 1623 2881 Μανῆ·

328 2936 409 2984 num,
438 2920 549 2989 dequo
572 2921 644 2975 nibil
664 2936 741 2974 rrurrc
763 2920 868 2977 babent
890 2923 983 2988 aliied,
1012 2940 1098 2994 qinom
1120 2925 1198 2994 quod
1218 2924 1299 2978 toties
1321 2920 1442 2974 Romam
1464 2912 1624 2968 accersitus

327 3006 529 3073 contempserit
551 3007 647 3058 oenire
671 3047 845 3062 ........
891 3006 1037 3076 Iprroratis
1058 3010 1127 3079 quiid
1148 3008 1308 3063 doctissimo
1336 3010 1363 3059 et
1390 3004 1480 3057 eidem
1509 2995 1655 3067 probis-:n

327 3090 398 3144 simo
413 3090 474 3143 niro
489 3088 594 3143 loanni
608 3088 748 3143 Reucldiu
763 3092 931 3161 nuperrime
943 3089 1067 3161 fecerit?
1098 3091 1185 3148 Hurm
1206 3109 1270 3147 cum
1293 3090 1468 3151 absolutum,
1491 3083 1622 3140 liberum,

329 3175 476 3235 victorem,
505 3173 742 3243 triumphatorem
771 3177 944 3231 decreuisset
972 3179 1112 3232 aeloersas
1135 3178 1281 3247 publicum
1308 3175 1362 3229 boc
1395 3172 1473 3226 orbis
1508 3166 1623 3225 malum,

329 3257 550 3325 Hocbstratum,
580 3273 675 3327 irriper
701 3265 795 3315 tomen
823 3261 936 3315 modico
962 3262 1104 3318 demultus
1126 3261 1280 3331 pecuniola
1302 3272 1420 3314 rursum
1443 3253 1521 3310 velut
1544 3263 1623 3303 reum

326 3344 524 3398 condemnarit
544 3350 571 3398 et
592 3344 667 3397 litem
689 3347 777 3400 semet
796 3346 953 3401 extinctam
976 3345 1136 3417 resrieaiit.
1180 3353 1208 3401 et
1229 3351 1306 3400 certe
1328 3343 1408 3397 nulla
1431 3344 1497 3407 erat
1519 3347 1624 3390 caussa

328 3427 495 3496 Capnionis,
520 3442 611 3498 neque
633 3428 735 3483 acerbe
757 3433 910 3501 qeeicquam
932 3434 992 3499 epit
1012 3434 1042 3488 in
1063 3432 1234 3501 pontificem.
1272 3428 1347 3495 Qreid
1364 3429 1391 3482 si
1404 3426 1483 3479 illum
1507 3420 1625 3475 baberet
1633 3433 1656 3470 es

327 3513 377 3584 qui
395 3513 530 3567 dementit
552 3513 605 3567 sibi
627 3528 745 3568 messem
767 3517 1025 3585 indulgentiarum,
1048 3517 1206 3587 extirpabit
1220 3514 1364 3571 nundinas
1378 3508 1626 3567 sacerdotiorum?

329 3638 601 3652 ............
602 3595 606 3602 ’
635 3598 732 3665 Nunc,
756 3606 788 3655 nt
810 3603 967 3669 aliquando
989 3603 1104 3657 diremti
1123 3603 1210 3671 finem
1230 3599 1355 3671 facium,
1378 3596 1451 3651 nibil
1468 3593 1552 3649 “liud
1565 3605 1624 3650 ‘’li'’

267 3690 278 3699 ·
328 3699 344 3737 o
367 3683 530 3750 principes,
559 3699 646 3751 quom
675 3690 706 3736 ut
733 3687 883 3757 utriusque
908 3689 1006 3754 partis
1036 3702 1169 3741 corissum
1198 3684 1334 3739 attentius
1355 3679 1570 3750 consyderetis:
1602 3672 1627 3723 si

324 3763 504 3837 persuadere
533 3768 609 3821 oobis
633 3776 754 3835 possunt
776 3769 953 3826 Ronranistee
974 3778 1003 3825 et
1025 3771 1173 3825 Citrtisoni
1199 3770 1298 3839 oliqira
1326 3767 1386 3837 leue
1408 3764 1624 3833 scripturorum

327 3852 488 3921 approbari
513 3853 650 3921 rapinas,
678 3850 816 3921 fraudes,
848 3859 1006 3921 uersutios,
1034 3856 1219 3921 calliditates,
1246 3851 1516 3910 circumventiones,
1545 3857 1658 3913 pom-³⁰

325 3952 408 4005 pom,
432 3936 551 4002 luxum,
575 3937 756 4005 tyrannidem
780 3944 807 3992 et
828 3939 913 4008 siqua
935 3945 1003 3995 sunt
1024 3939 1202 4005 huiusmodi,
1226 3939 1327 4009 quibus
1347 3934 1516 3988 iamdudum
1540 3944 1625 3983 aceu-

326 4021 383 4074 sati
409 4027 490 4085 sunt,
520 4021 592 4074 nibil
620 4038 768 4076 moramur
795 4026 865 4092 quin
893 4025 937 4078 illi
962 4025 1098 4084 vicerint,-
1131 4026 1177 4078 sin
1206 4029 1300 4077 autem
1328 4020 1381 4074 boe
1404 4034 1461 4073 nou
1487 4016 1626 4088 putrer-iot,

326 4119 378 4159 uos
401 4106 497 4174 totique
520 4106 646 4159 uicimus.
691 4122 782 4176 neque
811 4110 898 4162 aliam
930 4109 1083 4163 vindictam
1101 4115 1256 4179 optamus,
1286 4122 1373 4177 qumn
1403 4109 1434 4157 ut
1456 4103 1494 4156 de
1522 4106 1627 4154 catera

281 4246 292 4260 Ἰ
326 4203 423 4242 omnes
446 4189 604 4254 Curtisoni,
630 4191 778 4244 mendacio
801 4193 1045 4263 indutuentiorum
1067 4194 1219 4247 deleantur
1242 4192 1276 4245 ele
1293 4190 1459 4245 Germania.
1500 4185 1549 4240 Sic
1564 4192 1627 4238 ton

326 4273 388 4325 dem
414 4273 478 4342 fiet,
508 4280 539 4327 ut
567 4288 658 4342 neuere
687 4277 790 4341 armis,
821 4292 914 4347 neque
940 4277 1025 4346 ferro
1052 4278 1088 4331 sit
1116 4292 1189 4348 optes
1211 4276 1274 4331 illos
1295 4277 1484 4345 celinquere,
1514 4272 1566 4325 scd
1589 4272 1660 4322 iton

326 4356 421 4410 abacti
441 4357 524 4411 citius
545 4356 625 4427 suine
648 4364 732 4428 atqece
755 4362 850 4415 inedia
872 4363 1052 4430 disperibunt
1074 4363 1108 4417 de
1131 4369 1220 4415 terro.
1259 4360 1322 4425 lloe
1344 4361 1370 4413 si
1388 4357 1541 4429 feceritiS,
1565 4371 1624 4408 rem

325 4439 377 4494 deo
399 4441 502 4508 optimo
525 4444 650 4496 alarimo
669 4442 786 4513 societis
805 4447 1015 4516 arctissimam,
1038 4451 1066 4500 et
1087 4461 1139 4500 rros
1160 4464 1178 4499 o
1196 4452 1253 4500 tom
1270 4445 1424 4499 durissimo
1439 4442 1509 4511 iupa
1524 4442 1629 4494 liberos

291 4546 293 4551 ·
326 4524 465 4589 reddetis,
492 4542 548 4595 quo
573 4527 690 4582 liberius
711 4532 872 4585 serviamus
894 4529 1021 4597 Christo,
1044 4532 1094 4585 cui
1114 4529 1214 4596 bonor,
1238 4531 1330 4584 uirtus
1351 4534 1379 4583 et
1400 4527 1499 4597 ploria
1523 4528 1552 4579 iu
1576 4541 1628 4578 sa·

324 4611 391 4663 cula
413 4615 531 4664 anema.
577 4618 653 4659 olet.

873 4876 1069 4953 OOXHH.
1513 4891 1616 4957 [muel
1642 4902 1666 4940 m

825 5052 886 5107 Pus
907 5000 1121 5109 eltutsmuts.

412 5184 546 5241 Corinenit
568 5203 659 5253 reterre,
683 5187 786 5242 Lector
808 5190 944 5257 cetridide,
968 5206 1024 5259 quo
1046 5191 1081 5245 iis
1101 5190 1209 5245 obuiam
1225 5200 1340 5262 eamus,
1362 5188 1415 5256 qui
1429 5186 1570 5241 nituntur
1585 5206 1634 5257 op-

322 5272 451 5341 primere
472 5271 675 5344 Enoaaelieam
708 5274 868 5339 ueritatem,
898 5280 929 5328 ut
949 5274 1148 5340 Antichristis,
1178 5273 1250 5327 nibil
1270 5271 1386 5325 interim
1406 5270 1573 5341 probantes
1595 5289 1634 5327 es

325 5448 463 5501 ccx1111.
503 5466 606 5502 onemo
629 5448 807 5517 eculanum
830 5470 935 5504 svnvm
962 5453 1146 5519 uo-luontini,
1174 5453 1209 5503 do
1232 5453 1336 5502 uirtute
1356 5450 1479 5513 clunia,
1508 5451 1533 5502 ὰ
1550 5452 1635 5503 Bulla

325 5535 572 5585 condemnationis
589 5538 692 5587 Leonis
715 5538 840 5600 Decimi,
868 5538 974 5589 Contra
996 5540 1147 5589 Martinam
1162 5535 1167 5600 Ι
1181 5536 1273 5587 Luthe
1339 5571 1347 5595 ‚
1375 5534 1419 5585 Ad
1445 5534 1589 5591 inuictiis.
1612 5536 1634 5587 ἅ
