<?xml version="1.0" encoding="UTF-8"?>
<!DOCTYPE html PUBLIC "-//W3C//DTD XHTML 1.0 Transitional//EN"
    "http://www.w3.org/TR/xhtml1/DTD/xhtml1-transitional.dtd">
<html xmlns="http://www.w3.org/1999/xhtml" xml:lang="en" lang="en">
 <head>
  <title>
</title>
<meta http-equiv="Content-Type" content="text/html;charset=utf-8" />
  <meta name='ocr-system' content='tesseract 3.04.00' />
  <meta name='ocr-capabilities' content='ocr_page ocr_carea ocr_par ocr_line ocrx_word'/>
</head>
<body>
  <div class='ocr_page' id='page_1' title='image "./ulrichihuttenie00huttgoog_0249.png"; bbox 0 0 3625 7050; ppageno 0'>
   <div class='ocr_carea' id='block_1_1' title="bbox 299 1169 1482 1252">
    <p class='ocr_par' dir='ltr' id='par_1_1' title="bbox 299 1169 1482 1252">
     <span class='ocr_line' id='line_1_1' title="bbox 299 1169 1482 1252; baseline -0.001 -18"><span class='ocrx_word' id='word_1_1' title='bbox 299 1183 424 1234; x_wconf 80' lang='lat' dir='ltr'><strong>XXXVI.</strong></span> <span class='ocrx_word' id='word_1_2' title='bbox 441 1190 463 1231; x_wconf 77' lang='lat'><em>2.</em></span> <span class='ocrx_word' id='word_1_3' title='bbox 477 1197 540 1232; x_wconf 76' lang='lat' dir='ltr'><em>ton.</em></span> <span class='ocrx_word' id='word_1_4' title='bbox 555 1195 638 1230; x_wconf 73' lang='lat' dir='ltr'><em>ntssx</em></span> <span class='ocrx_word' id='word_1_5' title='bbox 651 1192 806 1230; x_wconf 72' lang='lat' dir='ltr'><em>ueseonmo</em></span> <span class='ocrx_word' id='word_1_6' title='bbox 819 1192 950 1228; x_wconf 64' lang='lat' dir='ltr'><em>tunm.</em></span> <span class='ocrx_word' id='word_1_7' title='bbox 964 1193 1005 1252; x_wconf 31' lang='lat' dir='ltr'><em>uo·</em></span> <span class='ocrx_word' id='word_1_8' title='bbox 1014 1194 1139 1228; x_wconf 67' lang='lat' dir='ltr'><em>uvarum</em></span> <span class='ocrx_word' id='word_1_9' title='bbox 1151 1195 1240 1230; x_wconf 72' lang='lat' dir='ltr'><em>emur.</em></span> <span class='ocrx_word' id='word_1_10' title='bbox 1255 1195 1367 1234; x_wconf 70' lang='lat' dir='ltr'><em>suumin.</em></span> <span class='ocrx_word' id='word_1_11' title='bbox 1415 1169 1482 1240; x_wconf 80' lang='lat'><em>{19</em></span> 
     </span>
    </p>
   </div>
   <div class='ocr_carea' id='block_1_2' title="bbox 247 1344 1257 5191">
    <p class='ocr_par' dir='ltr' id='par_1_2' title="bbox 247 1344 1257 5191">
     <span class='ocr_line' id='line_1_2' title="bbox 340 1344 1047 1430; baseline -0.007 -17"><span class='ocrx_word' id='word_1_12' title='bbox 340 1353 428 1430; x_wconf 78' lang='lat' dir='ltr'><em>Scope</em></span> <span class='ocrx_word' id='word_1_13' title='bbox 448 1352 623 1413; x_wconf 77' lang='lat' dir='ltr'><em>rebellantes</em></span> <span class='ocrx_word' id='word_1_14' title='bbox 643 1353 725 1411; x_wconf 90' lang='lat' dir='ltr'><em>toties</em></span> <span class='ocrx_word' id='word_1_15' title='bbox 746 1351 849 1409; x_wconf 76' lang='lat' dir='ltr'><em>uicisse</em></span> <span class='ocrx_word' id='word_1_16' title='bbox 869 1344 1047 1425; x_wconf 78' lang='lat' dir='ltr'><em>Sycambros</em></span> 
     </span>
     <span class='ocr_line' id='line_1_3' title="bbox 274 1451 1179 1527; baseline -0.004 -13"><span class='ocrx_word' id='word_1_17' title='bbox 274 1474 309 1515; x_wconf 77' lang='lat' dir='ltr'><em>rso</em></span> <span class='ocrx_word' id='word_1_18' title='bbox 409 1455 464 1516; x_wconf 81' lang='lat' dir='ltr'><em>Est</em></span> <span class='ocrx_word' id='word_1_19' title='bbox 484 1457 589 1513; x_wconf 90' lang='lat' dir='ltr'><em>iterum</em></span> <span class='ocrx_word' id='word_1_20' title='bbox 611 1459 700 1527; x_wconf 90' lang='lat' dir='ltr'><em>atque</em></span> <span class='ocrx_word' id='word_1_21' title='bbox 720 1454 827 1511; x_wconf 90' lang='lat' dir='ltr'><em>iterum</em></span> <span class='ocrx_word' id='word_1_22' title='bbox 847 1467 942 1511; x_wconf 87' lang='lat' dir='ltr'><em>causo</em></span> <span class='ocrx_word' id='word_1_23' title='bbox 962 1451 1059 1526; x_wconf 76' lang='lat' dir='ltr'><em>fuisse</em></span> <span class='ocrx_word' id='word_1_24' title='bbox 1077 1454 1161 1526; x_wconf 89' lang='lat' dir='ltr'><em>pium</em></span> <span class='ocrx_word' id='word_1_25' title='bbox 1167 1474 1179 1522; x_wconf 89' lang='lat'><em>;</em></span> 
     </span>
     <span class='ocr_line' id='line_1_4' title="bbox 341 1554 1093 1630; baseline -0.003 -14"><span class='ocrx_word' id='word_1_26' title='bbox 341 1558 412 1629; x_wconf 81' lang='lat' dir='ltr'><em>Quis</em></span> <span class='ocrx_word' id='word_1_27' title='bbox 428 1557 547 1630; x_wconf 77' lang='lat' dir='ltr'><em>fudisse</em></span> <span class='ocrx_word' id='word_1_28' title='bbox 568 1559 649 1615; x_wconf 90' lang='lat' dir='ltr'><em>acies</em></span> <span class='ocrx_word' id='word_1_29' title='bbox 672 1555 825 1614; x_wconf 79' lang='lat' dir='ltr'><em>Gallorum</em></span> <span class='ocrx_word' id='word_1_30' title='bbox 848 1570 929 1629; x_wconf 85' lang='lat' dir='ltr'><em>scepe</em></span> <span class='ocrx_word' id='word_1_31' title='bbox 949 1554 1093 1628; x_wconf 82' lang='lat' dir='ltr'><em>superbos</em></span> 
     </span>
     <span class='ocr_line' id='line_1_5' title="bbox 412 1651 1059 1730; baseline -0.005 -13"><span class='ocrx_word' id='word_1_32' title='bbox 412 1658 512 1717; x_wconf 79' lang='lat' dir='ltr'><em>Nescit</em></span> <span class='ocrx_word' id='word_1_33' title='bbox 531 1663 560 1717; x_wconf 93' lang='lat' dir='ltr'><em>et</em></span> <span class='ocrx_word' id='word_1_34' title='bbox 579 1659 693 1730; x_wconf 85' lang='lat' dir='ltr'><em>inqenti</em></span> <span class='ocrx_word' id='word_1_35' title='bbox 711 1662 813 1728; x_wconf 82' lang='lat' dir='ltr'><em>straqe</em></span> <span class='ocrx_word' id='word_1_36' title='bbox 834 1655 951 1714; x_wconf 77' lang='lat' dir='ltr'><em>dedisse</em></span> <span class='ocrx_word' id='word_1_37' title='bbox 971 1651 1059 1714; x_wconf 81' lang='lat' dir='ltr'><em>neci?</em></span> 
     </span>
     <span class='ocr_line' id='line_1_6' title="bbox 341 1755 1166 1834; baseline 0.001 -16"><span class='ocrx_word' id='word_1_38' title='bbox 341 1761 390 1819; x_wconf 73' lang='lat' dir='ltr'><em>Aa</em></span> <span class='ocrx_word' id='word_1_39' title='bbox 407 1776 473 1819; x_wconf 90' lang='lat' dir='ltr'><em>mea</em></span> <span class='ocrx_word' id='word_1_40' title='bbox 493 1760 658 1818; x_wconf 80' lang='lat' dir='ltr'><em>Pannonia</em></span> <span class='ocrx_word' id='word_1_41' title='bbox 680 1759 799 1816; x_wconf 89' lang='lat' dir='ltr'><em>tremuit</em></span> <span class='ocrx_word' id='word_1_42' title='bbox 819 1755 923 1815; x_wconf 87' lang='lat' dir='ltr'><em>domus</em></span> <span class='ocrx_word' id='word_1_43' title='bbox 939 1772 1027 1815; x_wconf 88' lang='lat' dir='ltr'><em>armo</em></span> <span class='ocrx_word' id='word_1_44' title='bbox 1047 1757 1166 1834; x_wconf 76' lang='lat' dir='ltr'><em>fuitque</em></span> 
     </span>
     <span class='ocr_line' id='line_1_7' title="bbox 262 1856 1075 1933; baseline -0.01 -11"><span class='ocrx_word' id='word_1_45' title='bbox 262 1881 308 1922; x_wconf 72' lang='lat' dir='ltr'><em>uss</em></span> <span class='ocrx_word' id='word_1_46' title='bbox 411 1862 556 1929; x_wconf 75' lang='lat' dir='ltr'><em>Consulite</em></span> <span class='ocrx_word' id='word_1_47' title='bbox 574 1860 674 1933; x_wconf 81' lang='lat' dir='ltr'><em>facies</em></span> <span class='ocrx_word' id='word_1_48' title='bbox 694 1859 826 1918; x_wconf 78' lang='lat' dir='ltr'><em>omnibus</em></span> <span class='ocrx_word' id='word_1_49' title='bbox 848 1874 910 1916; x_wconf 91' lang='lat' dir='ltr'><em>una</em></span> <span class='ocrx_word' id='word_1_50' title='bbox 927 1856 1034 1930; x_wconf 53' lang='lat' dir='ltr'><em>suqu-</em></span> <span class='ocrx_word' id='word_1_51' title='bbox 1070 1862 1075 1875; x_wconf 66' lang='lat'><em>¹</em></span> 
     </span>
     <span class='ocr_line' id='line_1_8' title="bbox 339 1959 1066 2045; baseline -0.003 -23"><span class='ocrx_word' id='word_1_52' title='bbox 339 1964 380 2022; x_wconf 86' lang='lat' dir='ltr'><em>Et</em></span> <span class='ocrx_word' id='word_1_53' title='bbox 399 1966 459 2022; x_wconf 88' lang='lat' dir='ltr'><em>nisi</em></span> <span class='ocrx_word' id='word_1_54' title='bbox 478 1969 518 2022; x_wconf 89' lang='lat' dir='ltr'><em>tot</em></span> <span class='ocrx_word' id='word_1_55' title='bbox 538 1965 656 2021; x_wconf 86' lang='lat' dir='ltr'><em>uariata</em></span> <span class='ocrx_word' id='word_1_56' title='bbox 678 1961 776 2045; x_wconf 65' lang='lat' dir='ltr'><em>modis&gt;</em></span> <span class='ocrx_word' id='word_1_57' title='bbox 794 1959 930 2019; x_wconf 84' lang='lat' dir='ltr'><em>Fortuna</em></span> <span class='ocrx_word' id='word_1_58' title='bbox 944 1960 1066 2033; x_wconf 83' lang='lat' dir='ltr'><em>suisset,</em></span> 
     </span>
     <span class='ocr_line' id='line_1_9' title="bbox 412 2062 1135 2136; baseline 0 -13"><span class='ocrx_word' id='word_1_59' title='bbox 412 2065 603 2124; x_wconf 70' lang='lat' dir='ltr'><em>contudimus</em></span> <span class='ocrx_word' id='word_1_60' title='bbox 624 2077 750 2136; x_wconf 89' lang='lat' dir='ltr'><em>quorum</em></span> <span class='ocrx_word' id='word_1_61' title='bbox 770 2077 824 2120; x_wconf 89' lang='lat' dir='ltr'><em>nos</em></span> <span class='ocrx_word' id='word_1_62' title='bbox 842 2062 949 2136; x_wconf 87' lang='lat' dir='ltr'><em>pudet,</em></span> <span class='ocrx_word' id='word_1_63' title='bbox 972 2063 1135 2124; x_wconf 87' lang='lat' dir='ltr'><em>Heluetios:</em></span> 
     </span>
     <span class='ocr_line' id='line_1_10' title="bbox 339 2162 1078 2239; baseline 0 -15"><span class='ocrx_word' id='word_1_64' title='bbox 339 2165 414 2226; x_wconf 80' lang='lat' dir='ltr'><em>Htec</em></span> <span class='ocrx_word' id='word_1_65' title='bbox 434 2165 562 2225; x_wconf 89' lang='lat' dir='ltr'><em>tumidos</em></span> <span class='ocrx_word' id='word_1_66' title='bbox 577 2165 682 2238; x_wconf 79' lang='lat' dir='ltr'><em>plodio</em></span> <span class='ocrx_word' id='word_1_67' title='bbox 699 2162 784 2235; x_wconf 82' lang='lat' dir='ltr'><em>fudit</em></span> <span class='ocrx_word' id='word_1_68' title='bbox 803 2165 913 2223; x_wconf 87' lang='lat' dir='ltr'><em>uictore</em></span> <span class='ocrx_word' id='word_1_69' title='bbox 931 2163 1078 2239; x_wconf 79' lang='lat' dir='ltr'><em>Botremos</em></span> 
     </span>
     <span class='ocr_line' id='line_1_11' title="bbox 254 2266 1128 2344; baseline 0.003 -19"><span class='ocrx_word' id='word_1_70' title='bbox 254 2285 309 2328; x_wconf 76' lang='lat' dir='ltr'><em>sss</em></span> <span class='ocrx_word' id='word_1_71' title='bbox 407 2269 543 2341; x_wconf 79' lang='lat' dir='ltr'><em>Dextra,</em></span> <span class='ocrx_word' id='word_1_72' title='bbox 566 2266 721 2325; x_wconf 89' lang='lat' dir='ltr'><em>Palatinas</em></span> <span class='ocrx_word' id='word_1_73' title='bbox 737 2279 804 2324; x_wconf 88' lang='lat' dir='ltr'><em>cam</em></span> <span class='ocrx_word' id='word_1_74' title='bbox 826 2272 1019 2340; x_wconf 80' lang='lat' dir='ltr'><em>sequerentur</em></span> <span class='ocrx_word' id='word_1_75' title='bbox 1040 2282 1128 2344; x_wconf 73' lang='lat' dir='ltr'><em>opes:</em></span> 
     </span>
     <span class='ocr_line' id='line_1_12' title="bbox 339 2366 1021 2444; baseline -0.004 -15"><span class='ocrx_word' id='word_1_76' title='bbox 339 2370 453 2442; x_wconf 72' lang='lat' dir='ltr'><em>Inftdos</em></span> <span class='ocrx_word' id='word_1_77' title='bbox 471 2370 576 2444; x_wconf 78' lang='lat' dir='ltr'><em>pepuli</em></span> <span class='ocrx_word' id='word_1_78' title='bbox 592 2369 695 2442; x_wconf 89' lang='lat' dir='ltr'><em>patria</em></span> <span class='ocrx_word' id='word_1_79' title='bbox 717 2367 755 2425; x_wconf 92' lang='lat' dir='ltr'><em>de</em></span> <span class='ocrx_word' id='word_1_80' title='bbox 776 2367 867 2426; x_wconf 90' lang='lat' dir='ltr'><em>limite</em></span> <span class='ocrx_word' id='word_1_81' title='bbox 890 2366 1021 2438; x_wconf 79' lang='lat' dir='ltr'><em>Turcas‚</em></span> 
     </span>
     <span class='ocr_line' id='line_1_13' title="bbox 413 2463 1129 2544; baseline -0.001 -14"><span class='ocrx_word' id='word_1_82' title='bbox 413 2470 484 2530; x_wconf 86' lang='lat' dir='ltr'><em>Oet</em></span> <span class='ocrx_word' id='word_1_83' title='bbox 503 2470 604 2530; x_wconf 77' lang='lat' dir='ltr'><em>adduc</em></span> <span class='ocrx_word' id='word_1_84' title='bbox 623 2472 725 2544; x_wconf 87' lang='lat' dir='ltr'><em>aliqua</em></span> <span class='ocrx_word' id='word_1_85' title='bbox 743 2485 818 2542; x_wconf 86' lang='lat' dir='ltr'><em>qens</em></span> <span class='ocrx_word' id='word_1_86' title='bbox 838 2469 982 2528; x_wconf 91' lang='lat' dir='ltr'><em>adeunda</em></span> <span class='ocrx_word' id='word_1_87' title='bbox 1006 2486 1107 2530; x_wconf 86' lang='lat' dir='ltr'><em>manu.</em></span> <span class='ocrx_word' id='word_1_88' title='bbox 1126 2463 1129 2467; x_wconf 77' lang='grc'>’</span> 
     </span>
     <span class='ocr_line' id='line_1_14' title="bbox 340 2571 1253 2646; baseline 0.004 -15"><span class='ocrx_word' id='word_1_89' title='bbox 340 2573 452 2632; x_wconf 83' lang='lat' dir='ltr'><em>Cuncta</em></span> <span class='ocrx_word' id='word_1_90' title='bbox 473 2571 593 2644; x_wconf 82' lang='lat' dir='ltr'><em>referre</em></span> <span class='ocrx_word' id='word_1_91' title='bbox 609 2574 706 2646; x_wconf 79' lang='lat' dir='ltr'><em>pipet,</em></span> <span class='ocrx_word' id='word_1_92' title='bbox 729 2587 784 2630; x_wconf 89' lang='lat' dir='ltr'><em>nec</em></span> <span class='ocrx_word' id='word_1_93' title='bbox 804 2571 882 2630; x_wconf 88' lang='lat' dir='ltr'><em>enim</em></span> <span class='ocrx_word' id='word_1_94' title='bbox 903 2571 999 2630; x_wconf 71' lang='lat' dir='ltr'><em>arcus</em></span> <span class='ocrx_word' id='word_1_95' title='bbox 1018 2576 1117 2632; x_wconf 92' lang='lat' dir='ltr'><em>omnia</em></span> <span class='ocrx_word' id='word_1_96' title='bbox 1138 2575 1253 2634; x_wconf 77' lang='lat' dir='ltr'><em>cnartoe</em></span> 
     </span>
     <span class='ocr_line' id='line_1_15' title="bbox 247 2658 1075 2748; baseline 0 -16"><span class='ocrx_word' id='word_1_97' title='bbox 247 2691 308 2735; x_wconf 67' lang='grc' dir='ltr'><em>ιω</em></span> <span class='ocrx_word' id='word_1_98' title='bbox 409 2673 574 2733; x_wconf 86' lang='lat' dir='ltr'><em>Servatura</em></span> <span class='ocrx_word' id='word_1_99' title='bbox 596 2658 714 2732; x_wconf 85' lang='lat' dir='ltr'><em>mo&#39;dum</em></span> <span class='ocrx_word' id='word_1_100' title='bbox 728 2674 844 2748; x_wconf 82' lang='lat' dir='ltr'><em>papina</em></span> <span class='ocrx_word' id='word_1_101' title='bbox 860 2671 949 2744; x_wconf 84' lang='lat' dir='ltr'><em>serre</em></span> <span class='ocrx_word' id='word_1_102' title='bbox 964 2680 1075 2748; x_wconf 88' lang='lat' dir='ltr'><em>potest:</em></span> 
     </span>
     <span class='ocr_line' id='line_1_16' title="bbox 338 2772 1227 2849; baseline 0.002 -15"><span class='ocrx_word' id='word_1_103' title='bbox 338 2775 427 2836; x_wconf 82' lang='lat' dir='ltr'><em>Nunc</em></span> <span class='ocrx_word' id='word_1_104' title='bbox 443 2791 557 2849; x_wconf 88' lang='lat' dir='ltr'><em>quoqne</em></span> <span class='ocrx_word' id='word_1_105' title='bbox 578 2779 692 2848; x_wconf 87' lang='lat' dir='ltr'><em>quanta</em></span> <span class='ocrx_word' id='word_1_106' title='bbox 714 2775 771 2832; x_wconf 89' lang='lat' dir='ltr'><em>tuis</em></span> <span class='ocrx_word' id='word_1_107' title='bbox 789 2779 831 2832; x_wconf 89' lang='lat' dir='ltr'><em>tot</em></span> <span class='ocrx_word' id='word_1_108' title='bbox 845 2780 926 2832; x_wconf 89' lang='lat' dir='ltr'><em>retra</em></span> <span class='ocrx_word' id='word_1_109' title='bbox 947 2772 1120 2836; x_wconf 82' lang='lat' dir='ltr'><em>abeuntibus</em></span> <span class='ocrx_word' id='word_1_110' title='bbox 1139 2780 1227 2837; x_wconf 89' lang='lat' dir='ltr'><em>annis</em></span> 
     </span>
     <span class='ocr_line' id='line_1_17' title="bbox 304 2873 1053 2950; baseline 0.003 -16"><span class='ocrx_word' id='word_1_111' title='bbox 304 2894 308 2900; x_wconf 92' lang='lat'>·</span> <span class='ocrx_word' id='word_1_112' title='bbox 407 2877 565 2936; x_wconf 83' lang='lat' dir='ltr'><em>Ediderim</em></span> <span class='ocrx_word' id='word_1_113' title='bbox 587 2877 701 2950; x_wconf 88' lang='lat' dir='ltr'><em>campis</em></span> <span class='ocrx_word' id='word_1_114' title='bbox 718 2873 834 2946; x_wconf 78' lang='lat' dir='ltr'><em>sunem</em></span> <span class='ocrx_word' id='word_1_115' title='bbox 854 2890 939 2934; x_wconf 91' lang='lat' dir='ltr'><em>nemo</em></span> <span class='ocrx_word' id='word_1_116' title='bbox 957 2883 1053 2950; x_wconf 75' lang='lat' dir='ltr'><em>rapot.</em></span> 
     </span>
     <span class='ocr_line' id='line_1_18' title="bbox 290 2977 1075 3052; baseline -0.005 -13"><span class='ocrx_word' id='word_1_117' title='bbox 290 3014 293 3018; x_wconf 93' lang='lat'><em>-</em></span> <span class='ocrx_word' id='word_1_118' title='bbox 339 2979 418 3050; x_wconf 81' lang='lat' dir='ltr'><em>Quid</em></span> <span class='ocrx_word' id='word_1_119' title='bbox 432 2980 540 3037; x_wconf 71' lang='lat' dir='ltr'><em>mamm</em></span> <span class='ocrx_word' id='word_1_120' title='bbox 561 2979 589 3036; x_wconf 90' lang='lat' dir='ltr'><em>si</em></span> <span class='ocrx_word' id='word_1_121' title='bbox 606 2977 751 3036; x_wconf 84' lang='lat' dir='ltr'><em>Fortunae</em></span> <span class='ocrx_word' id='word_1_122' title='bbox 771 2978 891 3037; x_wconf 86' lang='lat' dir='ltr'><em>cessisse</em></span> <span class='ocrx_word' id='word_1_123' title='bbox 907 2992 1075 3052; x_wconf 79' lang='lat' dir='ltr'><em>parumper</em></span> 
     </span>
     <span class='ocr_line' id='line_1_19' title="bbox 250 3076 1060 3154; baseline 0.007 -21"><span class='ocrx_word' id='word_1_124' title='bbox 250 3093 307 3137; x_wconf 74' lang='lat' dir='ltr'><em>uos</em></span> <span class='ocrx_word' id='word_1_125' title='bbox 405 3079 540 3152; x_wconf 79' lang='lat' dir='ltr'><em>Differre</em></span> <span class='ocrx_word' id='word_1_126' title='bbox 560 3086 589 3138; x_wconf 88' lang='lat' dir='ltr'><em>ei</em></span> <span class='ocrx_word' id='word_1_127' title='bbox 607 3084 721 3138; x_wconf 89' lang='lat' dir='ltr'><em>tantum</em></span> <span class='ocrx_word' id='word_1_128' title='bbox 741 3080 769 3137; x_wconf 89' lang='lat' dir='ltr'><em>si</em></span> <span class='ocrx_word' id='word_1_129' title='bbox 787 3079 943 3138; x_wconf 87' lang='lat' dir='ltr'><em>uideamur</em></span> <span class='ocrx_word' id='word_1_130' title='bbox 962 3076 1060 3154; x_wconf 81' lang='lat' dir='ltr'><em>opus?</em></span> 
     </span>
     <span class='ocr_line' id='line_1_20' title="bbox 341 3181 1155 3255; baseline 0.004 -14"><span class='ocrx_word' id='word_1_131' title='bbox 341 3181 386 3242; x_wconf 82' lang='lat' dir='ltr'><em>Tu</em></span> <span class='ocrx_word' id='word_1_132' title='bbox 407 3183 542 3255; x_wconf 80' lang='lat' dir='ltr'><em>quereris</em></span> <span class='ocrx_word' id='word_1_133' title='bbox 559 3196 726 3254; x_wconf 90' lang='lat' dir='ltr'><em>causasque</em></span> <span class='ocrx_word' id='word_1_134' title='bbox 746 3182 830 3239; x_wconf 89' lang='lat' dir='ltr'><em>times</em></span> <span class='ocrx_word' id='word_1_135' title='bbox 850 3182 990 3254; x_wconf 82' lang='lat' dir='ltr'><em>qucesisse</em></span> <span class='ocrx_word' id='word_1_136' title='bbox 1002 3185 1155 3253; x_wconf 87' lang='lat' dir='ltr'><em>marandi,</em></span> 
     </span>
     <span class='ocr_line' id='line_1_21' title="bbox 307 3282 1052 3358; baseline 0 -17"><span class='ocrx_word' id='word_1_137' title='bbox 307 3282 315 3290; x_wconf 84' lang='grc'><strong>“</strong></span> <span class='ocrx_word' id='word_1_138' title='bbox 406 3284 447 3342; x_wconf 83' lang='lat' dir='ltr'><em>Et</em></span> <span class='ocrx_word' id='word_1_139' title='bbox 466 3284 602 3358; x_wconf 89' lang='lat' dir='ltr'><em>spacium</em></span> <span class='ocrx_word' id='word_1_140' title='bbox 619 3285 694 3342; x_wconf 93' lang='lat' dir='ltr'><em>iusto</em></span> <span class='ocrx_word' id='word_1_141' title='bbox 715 3284 812 3341; x_wconf 91' lang='lat' dir='ltr'><em>maius</em></span> <span class='ocrx_word' id='word_1_142' title='bbox 832 3282 934 3341; x_wconf 80' lang='lat' dir='ltr'><em>abesse</em></span> <span class='ocrx_word' id='word_1_143' title='bbox 955 3283 1052 3357; x_wconf 88' lang='lat' dir='ltr'><em>dales,</em></span> 
     </span>
     <span class='ocr_line' id='line_1_22' title="bbox 336 3384 1140 3459; baseline 0.001 -15"><span class='ocrx_word' id='word_1_144' title='bbox 336 3385 377 3444; x_wconf 87' lang='lat' dir='ltr'><em>Et</em></span> <span class='ocrx_word' id='word_1_145' title='bbox 397 3388 474 3445; x_wconf 88' lang='lat' dir='ltr'><em>aetat</em></span> <span class='ocrx_word' id='word_1_146' title='bbox 493 3384 655 3444; x_wconf 90' lang='lat' dir='ltr'><em>admoneas</em></span> <span class='ocrx_word' id='word_1_147' title='bbox 676 3385 789 3442; x_wconf 89' lang='lat' dir='ltr'><em>imitari</em></span> <span class='ocrx_word' id='word_1_148' title='bbox 808 3387 947 3459; x_wconf 84' lang='lat' dir='ltr'><em>exempla</em></span> <span class='ocrx_word' id='word_1_149' title='bbox 961 3391 1140 3459; x_wconf 89' lang='lat' dir='ltr'><em>parentum,</em></span> 
     </span>
     <span class='ocr_line' id='line_1_23' title="bbox 254 3485 1103 3562; baseline -0.002 -12"><span class='ocrx_word' id='word_1_150' title='bbox 254 3503 308 3550; x_wconf 73' lang='lat' dir='ltr'><em>‘tos</em></span> <span class='ocrx_word' id='word_1_151' title='bbox 405 3486 571 3561; x_wconf 83' lang='lat' dir='ltr'><em>Seqniciem</em></span> <span class='ocrx_word' id='word_1_152' title='bbox 590 3485 759 3561; x_wconf 79' lang='lat' dir='ltr'><em>exprobras</em></span> <span class='ocrx_word' id='word_1_153' title='bbox 780 3485 982 3562; x_wconf 82' lang='lat' dir='ltr'><em>desidiamque</em></span> <span class='ocrx_word' id='word_1_154' title='bbox 1003 3495 1103 3548; x_wconf 91' lang='lat' dir='ltr'><em>notas:</em></span> 
     </span>
     <span class='ocr_line' id='line_1_24' title="bbox 261 3588 1051 3663; baseline 0 -14"><span class='ocrx_word' id='word_1_155' title='bbox 261 3591 267 3600; x_wconf 66' lang='lat'><strong>⁴</strong></span> <span class='ocrx_word' id='word_1_156' title='bbox 336 3591 444 3650; x_wconf 79' lang='lat' dir='ltr'><em>Desine</em></span> <span class='ocrx_word' id='word_1_157' title='bbox 466 3589 505 3648; x_wconf 79' lang='lat' dir='ltr'><em>ab</em></span> <span class='ocrx_word' id='word_1_158' title='bbox 527 3590 672 3663; x_wconf 77' lang='lat' dir='ltr'><em>exemplis</em></span> <span class='ocrx_word' id='word_1_159' title='bbox 689 3590 788 3647; x_wconf 82' lang='lat' dir='ltr'><em>metiri</em></span> <span class='ocrx_word' id='word_1_160' title='bbox 800 3588 889 3661; x_wconf 83' lang='lat' dir='ltr'><em>sacta</em></span> <span class='ocrx_word' id='word_1_161' title='bbox 912 3605 967 3648; x_wconf 90' lang='lat' dir='ltr'><em>nec</em></span> <span class='ocrx_word' id='word_1_162' title='bbox 988 3592 1051 3649; x_wconf 89' lang='lat' dir='ltr'><em>istis</em></span> 
     </span>
     <span class='ocr_line' id='line_1_25' title="bbox 387 3690 1059 3764; baseline -0.001 -14"><span class='ocrx_word' id='word_1_163' title='bbox 387 3690 532 3763; x_wconf 81' lang='lat' dir='ltr'><em>Conferre</em></span> <span class='ocrx_word' id='word_1_164' title='bbox 553 3692 683 3764; x_wconf 83' lang='lat' dir='ltr'><em>antiquis</em></span> <span class='ocrx_word' id='word_1_165' title='bbox 704 3696 837 3764; x_wconf 88' lang='lat' dir='ltr'><em>tempora</em></span> <span class='ocrx_word' id='word_1_166' title='bbox 858 3695 960 3749; x_wconf 89' lang='lat' dir='ltr'><em>nostra</em></span> <span class='ocrx_word' id='word_1_167' title='bbox 979 3694 1059 3751; x_wconf 86' lang='lat' dir='ltr'><em>vetis.</em></span> 
     </span>
     <span class='ocr_line' id='line_1_26' title="bbox 336 3793 1257 3870; baseline 0.002 -17"><span class='ocrx_word' id='word_1_168' title='bbox 336 3793 414 3865; x_wconf 74' lang='lat' dir='ltr'><em>Quos</em></span> <span class='ocrx_word' id='word_1_169' title='bbox 434 3798 466 3851; x_wconf 91' lang='lat' dir='ltr'><em>tu</em></span> <span class='ocrx_word' id='word_1_170' title='bbox 484 3806 710 3865; x_wconf 85' lang='lat' dir='ltr'><em>commemoras,</em></span> <span class='ocrx_word' id='word_1_171' title='bbox 729 3793 915 3864; x_wconf 86' lang='lat' dir='ltr'><em>qeminorum</em></span> <span class='ocrx_word' id='word_1_172' title='bbox 935 3793 1078 3866; x_wconf 88' lang='lat' dir='ltr'><em>splendor</em></span> <span class='ocrx_word' id='word_1_173' title='bbox 1100 3795 1257 3870; x_wconf 78' lang='lat' dir='ltr'><em>titionum,</em></span> 
     </span>
     <span class='ocr_line' id='line_1_27' title="bbox 259 3891 991 3968; baseline -0.01 -10"><span class='ocrx_word' id='word_1_174' title='bbox 259 3914 304 3958; x_wconf 70' lang='lat' dir='ltr'><em>ios</em></span> <span class='ocrx_word' id='word_1_175' title='bbox 402 3894 504 3968; x_wconf 81' lang='lat' dir='ltr'><em>Louqe</em></span> <span class='ocrx_word' id='word_1_176' title='bbox 525 3896 587 3953; x_wconf 90' lang='lat' dir='ltr'><em>alia</em></span> <span class='ocrx_word' id='word_1_177' title='bbox 609 3900 707 3953; x_wconf 91' lang='lat' dir='ltr'><em>tantus</em></span> <span class='ocrx_word' id='word_1_178' title='bbox 725 3893 896 3952; x_wconf 89' lang='lat' dir='ltr'><em>condicione</em></span> <span class='ocrx_word' id='word_1_179' title='bbox 914 3891 991 3964; x_wconf 82' lang='lat' dir='ltr'><em>suit:</em></span> 
     </span>
     <span class='ocr_line' id='line_1_28' title="bbox 339 3994 1176 4072; baseline 0.002 -16"><span class='ocrx_word' id='word_1_180' title='bbox 339 3994 422 4056; x_wconf 81' lang='lat' dir='ltr'><em>Tunc</em></span> <span class='ocrx_word' id='word_1_181' title='bbox 442 4012 536 4070; x_wconf 86' lang='lat' dir='ltr'><em>neque</em></span> <span class='ocrx_word' id='word_1_182' title='bbox 557 4000 597 4068; x_wconf 86' lang='lat' dir='ltr'><em>tot</em></span> <span class='ocrx_word' id='word_1_183' title='bbox 618 3995 750 4054; x_wconf 88' lang='lat' dir='ltr'><em>dominos</em></span> <span class='ocrx_word' id='word_1_184' title='bbox 770 3994 874 4052; x_wconf 75' lang='lat' dir='ltr'><em>locauit</em></span> <span class='ocrx_word' id='word_1_185' title='bbox 894 3994 1056 4056; x_wconf 86' lang='lat' dir='ltr'><em>Germania</em></span> <span class='ocrx_word' id='word_1_186' title='bbox 1077 4014 1176 4072; x_wconf 74' lang='lat' dir='ltr'><em>repes,</em></span> 
     </span>
     <span class='ocr_line' id='line_1_29' title="bbox 405 4096 1058 4172; baseline 0.002 -16"><span class='ocrx_word' id='word_1_187' title='bbox 405 4096 540 4158; x_wconf 82' lang='lat' dir='ltr'><em>Necdum</em></span> <span class='ocrx_word' id='word_1_188' title='bbox 560 4102 742 4172; x_wconf 86' lang='lat' dir='ltr'><em>contemptus</em></span> <span class='ocrx_word' id='word_1_189' title='bbox 764 4096 891 4155; x_wconf 85' lang='lat' dir='ltr'><em>Caesaris</em></span> <span class='ocrx_word' id='word_1_190' title='bbox 912 4099 966 4155; x_wconf 87' lang='lat' dir='ltr'><em>iste</em></span> <span class='ocrx_word' id='word_1_191' title='bbox 983 4096 1058 4172; x_wconf 83' lang='lat' dir='ltr'><em>suit,</em></span> 
     </span>
     <span class='ocr_line' id='line_1_30' title="bbox 335 4198 1023 4274; baseline -0.001 -15"><span class='ocrx_word' id='word_1_192' title='bbox 335 4201 443 4259; x_wconf 88' lang='lat' dir='ltr'><em>Paruit</em></span> <span class='ocrx_word' id='word_1_193' title='bbox 464 4200 604 4273; x_wconf 78' lang='lat' dir='ltr'><em>Auqustis</em></span> <span class='ocrx_word' id='word_1_194' title='bbox 623 4200 719 4274; x_wconf 87' lang='lat' dir='ltr'><em>patrii</em></span> <span class='ocrx_word' id='word_1_195' title='bbox 738 4198 901 4258; x_wconf 89' lang='lat' dir='ltr'><em>concordia</em></span> <span class='ocrx_word' id='word_1_196' title='bbox 924 4202 1023 4273; x_wconf 82' lang='lat' dir='ltr'><em>requi,</em></span> 
     </span>
     <span class='ocr_line' id='line_1_31' title="bbox 267 4300 1104 4377; baseline 0.001 -15"><span class='ocrx_word' id='word_1_197' title='bbox 267 4320 304 4362; x_wconf 80' lang='lat' dir='ltr'><em>us</em></span> <span class='ocrx_word' id='word_1_198' title='bbox 404 4300 556 4360; x_wconf 79' lang='lat' dir='ltr'><em>Constituit</em></span> <span class='ocrx_word' id='word_1_199' title='bbox 572 4302 731 4375; x_wconf 90' lang='lat' dir='ltr'><em>proprium</em></span> <span class='ocrx_word' id='word_1_200' title='bbox 752 4315 836 4359; x_wconf 91' lang='lat' dir='ltr'><em>nemo</em></span> <span class='ocrx_word' id='word_1_201' title='bbox 852 4300 912 4359; x_wconf 81' lang='lat' dir='ltr'><em>sili</em></span> <span class='ocrx_word' id='word_1_202' title='bbox 930 4303 1104 4377; x_wconf 74' lang='lat' dir='ltr'><em>imperium·</em></span> 
     </span>
     <span class='ocr_line' id='line_1_32' title="bbox 333 4401 1114 4479; baseline 0.003 -17"><span class='ocrx_word' id='word_1_203' title='bbox 333 4402 488 4477; x_wconf 87' lang='lat' dir='ltr'><em>Siquando</em></span> <span class='ocrx_word' id='word_1_204' title='bbox 506 4403 641 4477; x_wconf 78' lang='lat' dir='ltr'><em>expediit</em></span> <span class='ocrx_word' id='word_1_205' title='bbox 658 4404 788 4475; x_wconf 86' lang='lat' dir='ltr'><em>leqiones</em></span> <span class='ocrx_word' id='word_1_206' title='bbox 809 4401 919 4461; x_wconf 88' lang='lat' dir='ltr'><em>ducere</em></span> <span class='ocrx_word' id='word_1_207' title='bbox 939 4412 969 4463; x_wconf 88' lang='lat' dir='ltr'><em>et</em></span> <span class='ocrx_word' id='word_1_208' title='bbox 989 4422 1114 4479; x_wconf 88' lang='lat' dir='ltr'><em>usquam</em></span> 
     </span>
     <span class='ocr_line' id='line_1_33' title="bbox 404 4503 1029 4580; baseline 0.003 -18"><span class='ocrx_word' id='word_1_209' title='bbox 404 4503 521 4563; x_wconf 86' lang='lat' dir='ltr'><em>Martia</em></span> <span class='ocrx_word' id='word_1_210' title='bbox 540 4505 571 4562; x_wconf 87' lang='lat' dir='ltr'><em>ia</em></span> <span class='ocrx_word' id='word_1_211' title='bbox 590 4504 689 4563; x_wconf 78' lang='lat' dir='ltr'><em>hostili</em></span> <span class='ocrx_word' id='word_1_212' title='bbox 700 4519 813 4578; x_wconf 91' lang='lat' dir='ltr'><em>ponere</em></span> <span class='ocrx_word' id='word_1_213' title='bbox 833 4507 1029 4580; x_wconf 79' lang='lat' dir='ltr'><em>castratura,</em></span> 
     </span>
     <span class='ocr_line' id='line_1_34' title="bbox 332 4604 1049 4677; baseline 0.001 -12"><span class='ocrx_word' id='word_1_214' title='bbox 332 4605 473 4665; x_wconf 82' lang='lat' dir='ltr'><em>Militiam</em></span> <span class='ocrx_word' id='word_1_215' title='bbox 494 4620 578 4664; x_wconf 87' lang='lat' dir='ltr'><em>nemo</em></span> <span class='ocrx_word' id='word_1_216' title='bbox 599 4612 660 4665; x_wconf 89' lang='lat' dir='ltr'><em>tum</em></span> <span class='ocrx_word' id='word_1_217' title='bbox 681 4604 863 4665; x_wconf 78' lang='lat' dir='ltr'><em>detrectabat</em></span> <span class='ocrx_word' id='word_1_218' title='bbox 882 4605 1049 4677; x_wconf 69' lang='lat' dir='ltr'><em>honestam,</em></span> 
     </span>
     <span class='ocr_line' id='line_1_35' title="bbox 268 4705 1071 4781; baseline 0.002 -14"><span class='ocrx_word' id='word_1_219' title='bbox 268 4727 304 4767; x_wconf 77' lang='lat' dir='ltr'><em>uu</em></span> <span class='ocrx_word' id='word_1_220' title='bbox 405 4707 564 4780; x_wconf 85' lang='lat' dir='ltr'><em>Gloriaque</em></span> <span class='ocrx_word' id='word_1_221' title='bbox 585 4709 616 4765; x_wconf 88' lang='lat' dir='ltr'><em>in</em></span> <span class='ocrx_word' id='word_1_222' title='bbox 637 4708 745 4766; x_wconf 86' lang='lat' dir='ltr'><em>castris</em></span> <span class='ocrx_word' id='word_1_223' title='bbox 766 4705 895 4765; x_wconf 80' lang='lat' dir='ltr'><em>Ceesaris</em></span> <span class='ocrx_word' id='word_1_224' title='bbox 913 4724 977 4767; x_wconf 88' lang='lat' dir='ltr'><em>esse</em></span> <span class='ocrx_word' id='word_1_225' title='bbox 992 4708 1071 4781; x_wconf 84' lang='lat' dir='ltr'><em>snit:</em></span> 
     </span>
     <span class='ocr_line' id='line_1_36' title="bbox 333 4806 1116 4883; baseline 0.003 -15"><span class='ocrx_word' id='word_1_226' title='bbox 333 4809 422 4868; x_wconf 80' lang='lat' dir='ltr'><em>Nunc</em></span> <span class='ocrx_word' id='word_1_227' title='bbox 442 4810 547 4879; x_wconf 67' lang='lat' dir='ltr'><em>conlisi</em></span> <span class='ocrx_word' id='word_1_228' title='bbox 566 4809 670 4883; x_wconf 78' lang='lat' dir='ltr'><em>opibus</em></span> <span class='ocrx_word' id='word_1_229' title='bbox 692 4806 774 4866; x_wconf 79' lang='lat' dir='ltr'><em>nobis</em></span> <span class='ocrx_word' id='word_1_230' title='bbox 796 4808 968 4868; x_wconf 79' lang='lat' dir='ltr'><em>blandimur</em></span> <span class='ocrx_word' id='word_1_231' title='bbox 988 4817 1018 4868; x_wconf 93' lang='lat' dir='ltr'><em>et</em></span> <span class='ocrx_word' id='word_1_232' title='bbox 1038 4814 1116 4873; x_wconf 86' lang='lat' dir='ltr'><em>inter</em></span> 
     </span>
     <span class='ocr_line' id='line_1_37' title="bbox 405 4909 1030 4987; baseline 0.005 -20"><span class='ocrx_word' id='word_1_233' title='bbox 405 4909 527 4968; x_wconf 86' lang='lat' dir='ltr'><em>Summa</em></span> <span class='ocrx_word' id='word_1_234' title='bbox 549 4913 711 4985; x_wconf 88' lang='lat' dir='ltr'><em>uoluptates</em></span> <span class='ocrx_word' id='word_1_235' title='bbox 734 4912 832 4969; x_wconf 76' lang='lat' dir='ltr'><em>niuem</em></span> <span class='ocrx_word' id='word_1_236' title='bbox 847 4911 952 4968; x_wconf 80' lang='lat' dir='ltr'><em>militia</em></span> <span class='ocrx_word' id='word_1_237' title='bbox 974 4918 1030 4987; x_wconf 90' lang='lat' dir='ltr'><em>cst,</em></span> 
     </span>
     <span class='ocr_line' id='line_1_38' title="bbox 331 5011 1194 5088; baseline 0.003 -17"><span class='ocrx_word' id='word_1_238' title='bbox 331 5011 372 5071; x_wconf 83' lang='lat' dir='ltr'><em>Et</em></span> <span class='ocrx_word' id='word_1_239' title='bbox 392 5025 460 5088; x_wconf 86' lang='lat' dir='ltr'><em>nas,</em></span> <span class='ocrx_word' id='word_1_240' title='bbox 482 5012 603 5086; x_wconf 85' lang='lat' dir='ltr'><em>quando</em></span> <span class='ocrx_word' id='word_1_241' title='bbox 622 5013 697 5071; x_wconf 84' lang='lat' dir='ltr'><em>adeo</em></span> <span class='ocrx_word' id='word_1_242' title='bbox 715 5011 824 5070; x_wconf 80' lang='lat' dir='ltr'><em>-Coesar</em></span> <span class='ocrx_word' id='word_1_243' title='bbox 845 5012 903 5071; x_wconf 83' lang='lat' dir='ltr'><em>sibi</em></span> <span class='ocrx_word' id='word_1_244' title='bbox 922 5014 1045 5086; x_wconf 90' lang='lat' dir='ltr'><em>quisque</em></span> <span class='ocrx_word' id='word_1_245' title='bbox 1062 5015 1194 5088; x_wconf 87' lang='lat' dir='ltr'><em>uidetur,</em></span> 
     </span>
     <span class='ocr_line' id='line_1_39' title="bbox 266 5113 1051 5191; baseline 0 -19"><span class='ocrx_word' id='word_1_246' title='bbox 266 5131 305 5172; x_wconf 83' lang='lat' dir='ltr'><em>ms</em></span> <span class='ocrx_word' id='word_1_247' title='bbox 405 5113 574 5191; x_wconf 75' lang='lat' dir='ltr'><em>Accipimus</em></span> <span class='ocrx_word' id='word_1_248' title='bbox 590 5120 704 5190; x_wconf 85' lang='lat' dir='ltr'><em>proeter</em></span> <span class='ocrx_word' id='word_1_249' title='bbox 722 5129 828 5173; x_wconf 90' lang='lat' dir='ltr'><em>nomen</em></span> <span class='ocrx_word' id='word_1_250' title='bbox 850 5116 941 5173; x_wconf 73' lang='lat' dir='ltr'><em>irione</em></span> <span class='ocrx_word' id='word_1_251' title='bbox 959 5113 1051 5173; x_wconf 71' lang='lat' dir='ltr'><em>nituit:</em></span> 
     </span>
    </p>
   </div>
   <div class='ocr_carea' id='block_1_3' title="bbox 201 5240 384 5262">
    <p class='ocr_par' dir='ltr' id='par_1_3' title="bbox 201 5240 384 5262">
     <span class='ocr_line' id='line_1_40' title="bbox 201 5240 384 5262; baseline -0.016 0"><span class='ocrx_word' id='word_1_252' title='bbox 201 5240 384 5262; x_wconf 36' lang='lat'><em>*-</em></span> 
     </span>
    </p>
   </div>
   <div class='ocr_carea' id='block_1_4' title="bbox 201 5323 1474 5554">
    <p class='ocr_par' dir='ltr' id='par_1_4' title="bbox 201 5323 1474 5554">
     <span class='ocr_line' id='line_1_41' title="bbox 247 5323 1474 5398; baseline 0.002 -14"><span class='ocrx_word' id='word_1_253' title='bbox 247 5331 282 5368; x_wconf 76' lang='lat'><em>¹⁷⁰</em></span> <span class='ocrx_word' id='word_1_254' title='bbox 303 5323 457 5398; x_wconf 68' lang='lat' dir='ltr'><em>sycambn]</em></span> <span class='ocrx_word' id='word_1_255' title='bbox 476 5333 569 5398; x_wconf 83' lang='lat' dir='ltr'><em>Betqii.</em></span> <span class='ocrx_word' id='word_1_256' title='bbox 635 5332 667 5366; x_wconf 70' lang='lat'><em>¹⁸⁰</em></span> <span class='ocrx_word' id='word_1_257' title='bbox 690 5334 739 5384; x_wconf 87' lang='lat' dir='ltr'><em>Vis</em></span> <span class='ocrx_word' id='word_1_258' title='bbox 762 5348 824 5383; x_wconf 79' lang='lat' dir='ltr'><em>mea</em></span> <span class='ocrx_word' id='word_1_259' title='bbox 846 5332 972 5384; x_wconf 79' lang='lat' dir='ltr'><em>bellaces</em></span> <span class='ocrx_word' id='word_1_260' title='bbox 996 5333 1122 5384; x_wconf 80' lang='lat' dir='ltr'><em>contudit</em></span> <span class='ocrx_word' id='word_1_261' title='bbox 1137 5335 1171 5384; x_wconf 88' lang='lat' dir='ltr'><em>H.</em></span> <span class='ocrx_word' id='word_1_262' title='bbox 1187 5337 1260 5385; x_wconf 81' lang='lat'><strong><em>3...5.</em></strong></span> <span class='ocrx_word' id='word_1_263' title='bbox 1325 5332 1358 5367; x_wconf 80' lang='lat'><em>¹⁸⁷</em></span> <span class='ocrx_word' id='word_1_264' title='bbox 1374 5334 1434 5385; x_wconf 80' lang='lat' dir='ltr'><em>Hes</em></span> <span class='ocrx_word' id='word_1_265' title='bbox 1448 5338 1474 5388; x_wconf 86' lang='lat'><em>2.</em></span> 
     </span>
     <span class='ocr_line' id='line_1_42' title="bbox 201 5410 1474 5485; baseline 0.003 -16"><span class='ocrx_word' id='word_1_266' title='bbox 201 5410 494 5469; x_wconf 54' lang='lat' dir='ltr'><em>‘Aodiderimmi</em></span> <span class='ocrx_word' id='word_1_267' title='bbox 549 5416 581 5451; x_wconf 74' lang='lat'><em>¹⁹⁸</em></span> <span class='ocrx_word' id='word_1_268' title='bbox 599 5420 720 5485; x_wconf 82' lang='lat' dir='ltr'><em>spatium</em></span> <span class='ocrx_word' id='word_1_269' title='bbox 732 5421 758 5468; x_wconf 80' lang='lat'><em>5.</em></span> <span class='ocrx_word' id='word_1_270' title='bbox 810 5417 845 5454; x_wconf 82' lang='lat'><em>¹⁰⁰</em></span> <span class='ocrx_word' id='word_1_271' title='bbox 862 5419 1105 5484; x_wconf 70' lang='lat' dir='ltr'><em>Segnitismi...5.</em></span> <span class='ocrx_word' id='word_1_272' title='bbox 1163 5419 1196 5454; x_wconf 79' lang='lat'><em>²⁰³</em></span> <span class='ocrx_word' id='word_1_273' title='bbox 1214 5421 1289 5482; x_wconf 75' lang='lat' dir='ltr'><em>Quos</em></span> <span class='ocrx_word' id='word_1_274' title='bbox 1307 5425 1365 5469; x_wconf 82' lang='lat' dir='ltr'><em>tum</em></span> <span class='ocrx_word' id='word_1_275' title='bbox 1377 5436 1401 5470; x_wconf 86' lang='lat' dir='ltr'><em>c.</em></span> <span class='ocrx_word' id='word_1_276' title='bbox 1416 5424 1474 5474; x_wconf 64' lang='lat' dir='ltr'><em>ni.</em></span> 
     </span>
     <span class='ocr_line' id='line_1_43' title="bbox 201 5498 801 5554; baseline -0.003 0"><span class='ocrx_word' id='word_1_277' title='bbox 201 5498 213 5534; x_wconf 77' lang='lat'><strong>⁴</strong></span> <span class='ocrx_word' id='word_1_278' title='bbox 232 5502 392 5554; x_wconf 79' lang='lat' dir='ltr'><em>conditione</em></span> <span class='ocrx_word' id='word_1_279' title='bbox 405 5506 459 5554; x_wconf 72' lang='grc' dir='ltr'><em>Η.</em></span> <span class='ocrx_word' id='word_1_280' title='bbox 467 5507 491 5553; x_wconf 85' lang='lat'><em>5.</em></span> <span class='ocrx_word' id='word_1_281' title='bbox 544 5501 575 5536; x_wconf 83' lang='lat'><em>²¹¹</em></span> <span class='ocrx_word' id='word_1_282' title='bbox 594 5504 764 5554; x_wconf 79' lang='lat' dir='ltr'><em>detrectnuit</em></span> <span class='ocrx_word' id='word_1_283' title='bbox 775 5505 801 5552; x_wconf 86' lang='lat'><em>2.</em></span> 
     </span>
    </p>
   </div>
   <div class='ocr_carea' id='block_1_5' title="bbox 0 0 1818 7044">
    <p class='ocr_par' dir='ltr' id='par_1_5' title="bbox 0 0 1818 7044">
     <span class='ocr_line' id='line_1_44' title="bbox 0 0 1818 7044; baseline 0 0"><span class='ocrx_word' id='word_1_284' title='bbox 0 0 1818 7044; x_wconf 95' lang='lat' dir='ltr'><em> </em></span> 
     </span>
    </p>
   </div>
  </div>
 </body>
</html>
