3625 7050
317 1178 365 1248 42
570 1190 668 1241 XXVI.
694 1205 817 1241 urorum
830 1206 867 1240 in
880 1206 972 1241 lucos.
987 1207 1075 1242 eacus
1088 1208 1131 1242 ee.
1146 1209 1172 1243 n.
1188 1201 1221 1243 1³.
1237 1210 1295 1246 rvr.
1309 1200 1371 1245 itit.

318 1361 403 1421 Vides
426 1378 490 1439 quae
512 1359 549 1418 sit
571 1359 722 1419 atrocitas:
745 1377 842 1438 aquo
864 1359 1006 1421 liberatus
1027 1363 1095 1430 luit,
1126 1364 1189 1423 eius
1210 1362 1320 1425 liberos
1340 1362 1482 1441 perdidit:
1511 1361 1607 1424 excla-

319 1481 400 1522 mare
422 1460 493 1521 libet
514 1461 543 1519 in
566 1460 629 1522 baec
650 1466 800 1538 tempora,
834 1461 941 1539 quibus
968 1469 1047 1522 tanta
1074 1464 1139 1523 iidei
1169 1483 1203 1525 ac
1229 1465 1383 1542 probitatis
1408 1465 1526 1524 vastitas
1554 1471 1606 1524 est.

250 1564 379 1637 qudam
406 1579 530 1623 uxorem
557 1563 653 1622 iuveni
681 1560 827 1623 locaverat
853 1570 953 1640 pater,
989 1563 1115 1641 puellam
1143 1574 1310 1636 venustam,
1343 1563 1486 1634 uobdem,
1519 1582 1608 1643 quam

319 1664 450 1734 amabat,
473 1682 527 1725 suo
549 1681 671 1741 magno,
700 1671 733 1723 ut
753 1658 900 1734 videmus,
929 1664 1021 1725 malo:
1050 1665 1127 1727 banc
1148 1666 1264 1728 dulcem
1285 1666 1399 1727 vivendi
1420 1666 1608 1727 consuetudi·

250 1785 401 1838 punem,
434 1766 491 1827 hoc
512 1765 710 1843 pulcherrime
730 1765 893 1826 institutum
916 1767 980 1827 vitae
1002 1785 1109 1844 genus,
1125 1835 1129 1841 ,
1143 1775 1299 1847 antequam
1320 1768 1356 1828 ad
1384 1767 1513 1829 fructum
1541 1778 1629 1845 per-⁸

319 1854 453 1937 veniret,¹
468 1867 586 1946 abrupit
607 1866 748 1928 scelestus
770 1868 925 1945 parricida.
969 1868 1086 1942 Patrem
1108 1868 1308 1930 Ludovicbum
1335 1870 1416 1929 aiunt
1443 1869 1609 1930 miserrime

319 1969 495 2038 conflictari;
517 1987 565 2030 me
586 1976 667 2029 tenet
687 1968 735 2029 bic
756 1968 928 2030 valetudinis
950 1988 1035 2038 cura;
1057 1970 1108 2031 ubi
1123 1972 1251 2048 primum
1267 1969 1451 2039 convaluero,
1474 1969 1511 2030 ad
1526 1967 1609 2030 illum

250 2095 308 2145 qis,
320 2070 495 2141 concedam,
529 2077 563 2151 ut
589 2069 770 2130 condoleam.
816 2070 885 2147 quid
913 2088 1034 2147 possum
1061 2072 1139 2134 enim
1166 2071 1265 2132 aliud?
1297 2078 1347 2133 aut
1372 2072 1397 2131 si
1431 2070 1502 2151 quid
1530 2069 1609 2132 aliud

317 2191 450 2252 possem,
488 2173 535 2233 cui
556 2173 665 2232 rectius
686 2171 876 2248 praestarem?
911 2174 988 2232 nosti
1009 2180 1041 2234 ut
1063 2173 1100 2233 de
1122 2191 1169 2234 me
1197 2173 1236 2233 sit
1262 2173 1398 2233 meritus:
1434 2171 1525 2233 babet
1552 2172 1609 2232 boc

317 2282 451 2352 tempore
466 2273 621 2335 Germania
643 2273 722 2351 quod
744 2291 792 2333 me
806 2272 931 2334 delectet
951 2273 1037 2343 nihil;
1060 2275 1248 2335 acerbissime
1262 2275 1350 2334 afficit
1364 2273 1473 2351 gentile
1487 2271 1607 2334 malum.
1618 2281 1642 2324 ¹⁰

318 2376 413 2437 Credo
434 2377 512 2454 apud
535 2374 679 2445 Caesarem
702 2380 731 2434 et
753 2383 928 2435 convocatos
950 2375 1113 2437 Germaniae
1140 2376 1288 2454 principes
1315 2374 1500 2436 accusabitur
1528 2367 1608 2434 reus.

318 2479 378 2539 sive
400 2477 506 2546 adero,
536 2494 571 2537 ex
594 2494 641 2537 me
664 2475 733 2555 quid
754 2476 805 2536 liat
826 2477 935 2546 disceS,
958 2479 1018 2538 sive
1039 2478 1076 2537 ad
1097 2485 1126 2537 te
1148 2477 1177 2536 iu
1200 2475 1311 2537 ltaliam
1332 2475 1396 2545 ibo,
1429 2473 1502 2534 nihil
1525 2475 1608 2553 igno-

250 2579 457 2656 fflrabimns.
501 2577 685 2639 Potesthaeo
707 2583 777 2637 aetas
798 2578 823 2637 si
844 2577 915 2638 nibil
938 2577 1025 2648 aliud,
1047 2578 1103 2639 boo
1126 2576 1228 2639 saltem
1250 2595 1357 2638 novum
1373 2584 1403 2638 et
1417 2573 1609 2637 memorabile

317 2681 479 2759 posteritati
501 2678 627 2740 tradere.
672 2676 747 2747 Ouid
770 2679 864 2740 dicam
886 2680 1006 2757 ignoro:
1029 2679 1086 2739 boc
1107 2697 1199 2741 unum
1221 2680 1291 2748 scio,
1315 2679 1393 2756 quod
1415 2676 1493 2738 male
1515 2676 1622 2737 iortu··

317 2783 376 2842 nati
398 2799 500 2844 sumus
522 2780 650 2842 lludeni.
695 2780 804 2841 Verum
825 2780 905 2839 buno
925 2779 1056 2850 luctum,
1080 2799 1134 2858 per
1155 2799 1187 2841 se
1208 2798 1348 2858 magnum
1370 2778 1498 2858 quidem,
1521 2783 1641 2858 augetss

317 2891 416 2953 tamem
438 2881 534 2943 adhuc
555 2880 675 2941 ltelvolti
697 2880 808 2942 obitus:
835 2881 939 2941 calculi
961 2882 1067 2942 morbo
1089 2882 1211 2952 occidit,
1240 2899 1298 2959 quo
1325 2879 1478 2941 laborabat
1498 2879 1610 2959 aliquot

250 2986 376 3061 pisiam
398 3002 504 3053 annos,
527 2986 583 3044 uec
604 3001 620 3043 a
643 2981 764 3043 medicis
785 2983 934 3043 subveniri
955 2990 1079 3060 poterat.
1123 2983 1202 3043 blors
1223 2983 1294 3043 mibi
1316 2984 1379 3043 eius
1393 2990 1426 3043 nt
1440 2984 1609 3059 importuna

319 3085 439 3155 accidit,
461 3087 501 3144 ita
522 3101 662 3162 magnum
684 3083 781 3143 animo
803 3083 936 3144 dolorem
959 3085 1126 3145 concitavit:
1155 3085 1306 3162 inceperat
1326 3083 1608 3161 pulcherrimestu·

319 3186 374 3247 diis
395 3186 468 3247 meis
497 3183 671 3254 consulere,
706 3190 793 3262 atque
820 3203 854 3245 ea
880 3202 941 3245 non
969 3186 1095 3247 obscure
1121 3187 1180 3260 iam
1207 3192 1408 3263 promoverat,
1444 3185 1609 3263 principem

250 3310 308 3361 pu.
318 3295 421 3348 nactus
441 3287 573 3347 iuvandis
593 3285 685 3347 literis
706 3286 853 3356 idoneum,
876 3286 1028 3348 tiburtum
1049 3288 1308 3365 Arcbiepiscopum
1323 3286 1537 3364 bloguutiuum,
1559 3286 1643 3365 qui»

317 3390 522 3467 propositurus
543 3388 641 3448 virtuti
663 3388 782 3465 praemia
805 3388 943 3459 creditur,
966 3397 995 3449 et
1017 3407 1071 3467 per
1092 3408 1181 3467 quem
1200 3389 1332 3450 futurum
1347 3394 1450 3465 putant
1464 3388 1609 3457 homines,

317 3498 351 3552 ut
372 3496 451 3552 recta
473 3489 567 3551 studia
590 3488 768 3561 coalescant,
792 3489 949 3552 barbaries
971 3489 1085 3552 exulet:
1114 3490 1183 3551 huic
1211 3509 1258 3551 me
1285 3507 1345 3551 non
1366 3487 1508 3550 inutiliter
1530 3507 1609 3550 oom-

317 3594 513 3653 mcndaverat.
559 3592 721 3653 studiosos*
733 3593 810 3653 euim
832 3592 949 3653 amabat
970 3611 1004 3652 ac
1025 3592 1156 3653 literatos
1177 3592 1298 3661 omneis,
1321 3598 1351 3652 et
1371 3590 1526 3651 amabatur
1547 3591 1610 3668 ipse

318 3695 448 3755 vicissim·
466 3693 503 3754 ab
525 3694 670 3755 omuibus.
707 3693 809 3754 Latine
831 3693 947 3755 dicebat
968 3702 1104 3773 prompte
1126 3701 1155 3754 et
1175 3694 1361 3771 incorrupte;
1384 3692 1501 3770 scriptis
1523 3692 1610 3752 etiam

250 3820 269 3870 ς,
278 3819 308 3865 m.
319 3797 462 3875 elegantia
483 3815 518 3858 ac
539 3796 664 3874 dignitas
685 3796 808 3856 inerant.
846 3802 954 3873 praeter
976 3803 1080 3856 caetera
1102 3794 1267 3856 humanitas
1288 3794 1382 3855 maior
1403 3813 1491 3873 quarn
1514 3793 1655 3855 aulico*

319 3898 430 3961 bomini
453 3898 625 3960 crederetur
645 3898 788 3959 accidere.
826 3900 996 3976 frequenter
1018 3915 1050 3957 se
1072 3896 1297 3957 commendabat
1318 3896 1418 3956 amicis
1432 3913 1487 3973 per
1502 3895 1611 3973 episto-

318 4000 373 4071 las,
397 4019 521 4079 quarum
544 4008 613 4062 sunt
634 3999 736 4078 aliquae
758 4000 795 4060 ad
817 4018 864 4059 me
886 3998 974 4067 tales,
1003 4005 1036 4058 ut
1058 4016 1125 4058 cum
1147 3998 1338 4059 admiratione
1360 3995 1471 4074 legam,
1501 3997 1612 4074 quippe

318 4122 384 4183 quae
405 4102 442 4162 ab
465 4102 583 4163 bomine
604 4102 790 4179 negotiorum
811 4101 1011 4178 magnitudine
1033 4118 1049 4159 a
1071 4100 1174 4160 studiis
1187 4101 1320 4160 seiuncto
1335 4106 1394 4158 tam
1409 4097 1529 4167 Latinae,
1551 4104 1612 4158 um

250 4220 310 4270 §.an
320 4204 465 4280 castigatae
487 4202 658 4281 prodierint.
702 4201 818 4261 Latinas
838 4199 939 4261 literas
960 4202 991 4260 iu
1012 4200 1093 4261 ltalia
1114 4201 1270 4270 didicerat,
1299 4208 1332 4260 ut
1353 4199 1513 4277 plurimum
1534 4216 1631 4284 prae-¹

320 4310 440 4381 ceptore
474 4300 608 4380 Philippo
641 4300 799 4369 Beroaldo,
839 4296 927 4378 quem
962 4319 1022 4362 non
1057 4302 1171 4363 modica
1205 4301 1378 4362 liberalitate
1411 4281 1613 4363 demeruerat
1619 4311 1655 4357 st.

319 4405 464 4481 attingens
485 4410 586 4480 postea
608 4402 725 4464 Graecas
752 4409 906 4463 revocatus
928 4410 972 4462 est
994 4422 1011 4463 a
1033 4405 1108 4464 suis:
1137 4405 1166 4465 id
1189 4404 1267 4482 quod
1289 4421 1366 4480 saepe
1388 4404 1473 4480 queri
1495 4403 1613 4466 auditus

251 4514 373 4574 §.uest
418 4504 503 4575 Ouod
525 4521 642 4565 summo
662 4502 782 4564 laudum
805 4501 881 4564 illius
903 4490 968 4564 loco
991 4507 1103 4575 resero,
1124 4507 1261 4590 ¹primum
1288 4512 1318 4565 et
1338 4522 1430 4565 unum
1452 4504 1542 4565 buius
1564 4524 1612 4565 or-

225 4630 227 4634 *
318 4609 393 4670 dinis
408 4606 565 4668 Germania
585 4605 701 4676 babuit,
724 4606 774 4686 qui
796 4623 863 4666 cum
886 4595 1059 4685 magnarum
1078 4626 1178 4669 rerum
1194 4607 1443 4668 aduunistratione
1458 4605 1612 4667 literarum

170 4691 177 4704 ’
261 4780 268 4796 ·
317 4708 412 4770 studia
434 4708 634 4786 coniungeret.
671 4726 796 4786 magnus
817 4714 880 4767 crat
902 4709 939 4768 ad
961 4707 1041 4769 illurn
1064 4709 1247 4770 literatorum
1268 4726 1444 4777 concursum
1467 4705 1613 4769 salutabd

319 4807 436 4880 omnes,
459 4810 595 4887 presidio
618 4817 681 4870 erat
702 4809 816 4880 multis,
845 4810 958 4889 luitque
980 4812 1075 4888 prima
1096 4809 1136 4870 illi
1160 4830 1231 4871 cura
1253 4811 1289 4871 ad
1312 4828 1522 4888 quamcunque
1543 4810 1640 4871 ciri-⁸

250 4923 307 4974 §.²2
318 4919 408 4973 tatem
430 4911 612 4982 adventaret,
641 4911 678 4971 de
700 4912 803 4972 studiis
824 4930 987 4991 eorumque
1008 4912 1226 4990 professoribus
1247 4913 1406 4990 inquirere.
1442 4910 1489 4971 lle
1512 4910 1612 4972 dilexit

318 5017 521 5084 vehementer,
544 5031 612 5073 nam
634 5031 667 5073 re
690 5012 914 5091 comprobatum
937 5021 998 5083 est,
1026 5032 1113 5092 quam
1137 4997 1196 5074 non
1218 5012 1369 5074 simularet
1390 5013 1448 5073 boo
1470 5031 1543 5091 erga
1565 5030 1611 5073 me

238 5160 240 5162 >
317 5116 461 5178 studium:
484 5116 581 5193 itaque
596 5115 767 5194 frequenter
782 5114 916 5176 familiari
931 5114 1118 5176 collocutioni
1133 5114 1300 5185 adhibebat,
1321 5133 1368 5175 me
1383 5115 1502 5175 interim
1517 5115 1612 5176 rarius

386 5352 469 5405 tubi
481 5352 585 5403 habere
607 5350 705 5401 melius
723 5366 834 5416 coepero
847 5348 896 5399 3¹¹.
976 5350 999 5384 ²⁰
1016 5349 1221 5418 Archepiicopr‘r
1234 5351 1268 5400 A.
1352 5349 1375 5382 ³³
1395 5354 1478 5402 malin
1498 5352 1611 5416 primum

319 5442 422 5489 eumet
472 5436 495 5469 ⁸⁵
513 5437 651 5504 quanct'tq3
670 5437 705 5488 A.
719 5450 900 5501 quancunque
914 5437 974 5486 23.
1017 5435 1041 5468 θ’
1053 5437 1226 5488 simulaverit
1244 5432 1292 5487 3⁸.
1340 5434 1363 5468 ⁸⁸
1381 5434 1569 5488 collocutione
1577 5436 1610 5486 A.

319 5524 379 5589 ipso
392 5523 452 5589 (pro
464 5521 519 5586 me)
533 5519 580 5571 3⁸.
