3625 7050
461 916 542 972 CXL.
562 934 644 971 cnorr
658 934 775 971 nrnrsrrr
788 935 824 970 an
837 934 954 970 unsrnr.
967 934 1118 971 urrunnun
1131 935 1173 970 er.
1192 936 1218 971 n.
1233 927 1265 971 to.
1280 936 1341 972 oce.
1356 927 1415 971 tots.
1508 904 1547 979 31
1563 906 1575 978 l

267 1093 387 1158 locum,
400 1093 525 1152 Christus
542 1102 725 1170 postremum:
747 1095 815 1152 nihil
833 1095 877 1153 hie
892 1094 1019 1169 lingitur:
1037 1095 1145 1169 quando
1163 1096 1341 1171 progreditur
1359 1094 1364 1168 Ι
1383 1095 1438 1153 llex
1455 1089 1523 1176 {fot
1535 1108 1580 1152 1³¹.
1591 1107 1648 1158 §.ts

267 1179 469 1243 snerilleulns,
494 1188 535 1236 tot
549 1180 717 1243 Cardinales‚
743 1190 783 1238 tot
797 1181 1018 1244 Prothouotarii‚
1042 1189 1084 1238 tot
1098 1181 1237 1255 Episcopi,
1261 1190 1303 1238 tot
1317 1181 1425 1254 Legati,
1450 1189 1492 1238 tot
1511 1182 1582 1240 Pras-

267 1266 387 1341 positi,
418 1274 460 1322 tot
481 1265 613 1323 Causidici
634 1266 706 1323 eirea
732 1267 820 1341 ipsum
842 1266 1045 1341 glomerantur,
1072 1275 1141 1341 quot
1167 1266 1297 1324 famelicae
1324 1284 1386 1323 aves
1412 1266 1446 1322 ad
1474 1267 1582 1340 putrida

269 1351 418 1408 cadavera
439 1350 593 1415 conllunut;
626 1350 751 1425 sequitur
773 1350 873 1406 Christi
901 1350 1070 1408 Eucharistia
1099 1351 1126 1406 in
1155 1350 1272 1424 quodam
1300 1350 1377 1407 asino
1406 1350 1433 1405 iu
1462 1359 1581 1408 extrema

241 1436 418 1497 scohorte,
447 1452 528 1509 quam
556 1436 697 1508 impudiere
726 1435 852 1493 mulieres
880 1454 912 1493 ae
936 1436 1077 1510 prostituti
1100 1436 1176 1510 pueri
1198 1435 1378 1492 constituunt.
1422 1435 1472 1492 rui
1494 1452 1582 1510 nuper
1594 1446 1649 1497 §.rt

272 1521 400 1576 Rhomen
414 1537 475 1576 cum
490 1519 576 1576 llesso
591 1530 702 1583 nostro,
726 1520 779 1577 vidi
795 1529 915 1577 veterum
939 1530 1126 1582 monumenta,
1149 1521 1203 1576 vidi
1225 1520 1379 1576 cathedram
1402 1519 1582 1593 pestileneiae:

273 1605 387 1661 vidisse
410 1604 496 1666 iurat,
520 1604 618 1661 vidisse
641 1606 725 1679 piget.
758 1606 917 1661 Invaserunt
939 1606 975 1661 ibi
999 1623 1040 1661 me
1064 1606 1171 1678 quidam
1194 1607 1226 1662 de
1249 1605 1427 1678 indulgeneiis
1448 1605 1583 1661 etPouti·

275 1688 342 1746 licis
367 1696 505 1763 potestate
527 1689 599 1745 acuti
621 1698 652 1745 ut
674 1689 725 1745 sibi
749 1688 921 1754 ridebantur,
952 1690 1028 1764 quasi
1051 1709 1102 1763 ego
1125 1691 1158 1746 de
1181 1690 1213 1745 iis
1236 1697 1282 1746 aut
1303 1707 1412 1764 possem
1435 1697 1481 1744 rut
1503 1689 1591 1746 velim·

276 1775 441 1848 disputare,
478 1774 630 1848 praesertim
663 1773 768 1830 homae:
803 1776 916 1831 tacendo
950 1793 992 1830 me
1026 1774 1136 1838 tuebar,
1171 1775 1222 1829 nisi
1256 1775 1329 1847 quod
1360 1773 1505 1847 aliquando
1532 1793 1582 1848 per

250 1860 378 1915 ttioeum
402 1858 544 1931 respondi,
574 1857 648 1932 quod
670 1858 746 1913 solus
768 1859 893 1914 dominus
917 1860 950 1915 arl
974 1859 1076 1914 inferos
1104 1859 1179 1915 ducit
1200 1867 1228 1914 et
1250 1858 1367 1921 reducit.
1395 1858 1500 1914 cuidam
1523 1875 1581 1914 rer·

281 1943 355 1999 boso
386 1942 561 1998 transferenti
589 1942 787 1998 remissionem
804 1952 976 2016 peecatorum
1005 1962 1019 1999 a
1047 1944 1089 1999 dei
1117 1952 1253 2017 potestate
1276 1944 1303 1998 in
1326 1961 1420 1998 manus
1443 1942 1579 2016 pontilicis

282 2035 434 2101 propterea
457 2027 529 2099 quod
544 2027 667 2082 Christus
681 2027 763 2082 Petro
785 2028 857 2083 dicut
880 2027 1019 2100 ‘Quicquid
1042 2027 1156 2083 solveris
1179 2045 1261 2101 super
1284 2028 1399 2083 terram'.
1436 2027 1495 2083 Non
1511 2035 1647 2101 mgni-¹6.

283 2112 440 2174 victores,
463 2110 589 2173 bladino,
613 2113 734 2185 quamvis
756 2120 875 2167 armatus
901 2113 1035 2186 praesidiis
1062 2112 1204 2186 scripturae
1232 2111 1323 2184 gladio
1351 2111 1464 2185 spiritus
1492 2113 1580 2169 saneti

285 2194 411 2269 iugulum
433 2195 578 2252 adversarii
600 2195 731 2269 perieris:
760 2213 843 2270 pones
858 2197 1024 2252 lihomannm
1045 2197 1147 2259 sedem,
1172 2214 1225 2252 nou
1249 2196 1411 2269 scripturum
1433 2205 1487 2252 stat
1510 2195 1578 2252 iudi·

258 2281 358 2336 troium
384 2280 417 2335 de
440 2278 566 2344 rr'etoria;
598 2280 655 2337 haee
678 2281 750 2337 enim
773 2280 807 2337 ab
829 2279 891 2343 illo,
916 2280 1047 2337 Silvestro
1067 2290 1113 2337 tuo
1137 2290 1219 2343 teste,
1241 2281 1430 2337 auctoritatem
1452 2281 1577 2338 sortitur.

285 2363 336 2420 Sed
363 2363 398 2420 ab
422 2363 472 2421 hae
498 2364 658 2421 difficultate
686 2365 788 2421 salvum
817 2374 843 2421 te
870 2374 961 2421 servat
987 2366 1147 2439 provocaeiu
1176 2377 1222 2422 tua
1247 2366 1279 2421 ad
1302 2363 1419 2421 tribuual
1443 2365 1646 2438 gannaturae

284 2447 411 2509 concilii,
438 2449 505 2505 adeo
528 2466 559 2505 er
589 2450 662 2506 omni
689 2459 767 2524 parte
796 2450 898 2506 munita
927 2450 1068 2524 praesidiis.
1085 2451 1152 2506 iuris
1179 2451 1261 2507 divini
1291 2458 1319 2506 et
1340 2449 1463 2511 humani,
1493 2458 1522 2505 ut
1545 2449 1578 2506 ab

284 2532 447 2589 adversariis
470 2551 579 2607 quoque
608 2534 714 2591 laudem
742 2543 893 2598 mereatur;
925 2536 972 2591 sed
995 2535 1092 2591 mirum
1116 2544 1243 2609 quautam
1269 2535 1350 2591 bilem
1376 2534 1496 2591 eoneitet
1516 2533 1579 2590 llo·

284 2617 400 2673 rentinae
428 2617 553 2680 factioni,
582 2618 683 2676 timirlae
711 2637 744 2675 ne
772 2619 880 2675 sublato
909 2620 967 2676 iure
995 2620 1022 2675 in
1044 2621 1146 2676 animas
1167 2620 1357 2676 defunctorum
1379 2628 1475 2693 postea
1496 2618 1579 2675 simili

254 2701 472 2775 indisputaeione
490 2703 668 2759 detrahantur
686 2703 780 2777 pallia,
804 2705 1018 2767 reservaeiones,
1037 2704 1133 2766 bullae,
1156 2704 1309 2778 privilegia,
1332 2703 1463 2760 latissime
1482 2712 1578 2778 patens

283 2785 437 2843 iurisdictio
459 2795 617 2861 ceteraque,
638 2788 737 2862 quibus
758 2806 856 2845 nouren
886 2789 1076 2864 imposuerunt
1104 2788 1238 2846 libertatis
1270 2788 1473 2850 eeclesiastieae‚
1508 2788 1575 2845 retia

281 2870 475 2943 ooptraheudas
502 2872 624 2945 pecuniae
654 2873 824 2929 miserorum.
869 2874 943 2930 Caeca
970 2875 1023 2930 erit
1052 2875 1194 2930 Germania
1220 2873 1305 2931 donec
1333 2872 1452 2930 manebit
1476 2874 1503 2929 in
1524 2883 1644 2934 suotts.

282 2971 380 3011 errore
398 2963 426 3011 et
444 2955 531 3012 donee
553 2957 669 3013 studiosi
692 2956 801 3030 publice
823 2961 877 3014 no'n
900 2959 1031 3020 clamant.
1055 2976 1110 3014 uon
1126 2958 1248 3016 scribunt
1262 2967 1358 3016 eontra
1373 2959 1470 3014 noxios
1485 2975 1575 3014 mores

282 3056 354 3113 quos
375 3038 454 3096 nobis
474 3040 577 3096 llhoma
603 3040 701 3103 mittit,
730 3042 878 3115 rudemque
905 3043 1073 3117 plebeculam
1100 3045 1262 3100 admoueant
1289 3044 1435 3100 Rhomanae
1463 3042 1575 3103 fraudis.

249 3123 358 3197 toqnod
373 3123 502 3180 haetenus
517 3125 603 3182 tocies
617 3125 727 3198 spoliati
750 3126 800 3182 sub
819 3136 952 3200 praetextu
973 3128 1082 3202 pietatis
1101 3146 1151 3202 pro
1171 3128 1275 3203 palliis,
1298 3145 1349 3202 pro
1364 3127 1576 3184 confirmationi·

282 3207 343 3270 bus,
361 3225 412 3281 pro
423 3208 507 3265 Turoa
516 3209 685 3266 debellando.
709 3228 780 3267 nune
794 3212 828 3267 ad
840 3213 924 3269 maius
940 3213 1138 3269 incommodum
1149 3213 1302 3268 Cardiuales
1318 3213 1345 3268 in
1364 3212 1369 3283 l
1389 3230 1443 3269 me·
1454 3204 1515 3291 ΙΙοι.
1526 3213 1574 3264 ¹³¹.
1586 3220 1605 3271 ς.
1614 3220 1645 3263 rs.

280 3292 354 3348 diam
382 3292 550 3349 Germaniam
581 3295 747 3369 accepimus:
784 3313 846 3352 nam
871 3297 935 3370 quid
964 3298 1020 3354 haee
1048 3297 1153 3353 novitas
1182 3297 1404 3355 Florerrtiuorum
1431 3296 1574 3370 parturiat,

281 3376 357 3433 brevi
379 3377 507 3435 iudicabit
525 3387 646 3436 eventus.
690 3379 747 3453 Ego
767 3389 808 3442 te,
831 3380 958 3444 Martius,
987 3400 1072 3456 saepe,
1101 3401 1162 3439 eum
1184 3383 1217 3438 de
1240 3390 1266 3438 te
1288 3399 1378 3440 sermo
1401 3381 1503 3443 oritur,
1529 3398 1576 3455 pa·

280 3469 352 3518 trem
375 3462 471 3537 patriae
494 3462 571 3519 soleo
593 3464 745 3540 appellare,
767 3466 879 3540 dignum
901 3484 982 3522 aurea
1002 3475 1105 3530 statua,
1126 3474 1154 3522 et
1176 3466 1253 3522 iestis
1275 3467 1434 3540 quotannis,
1458 3465 1504 3539 qui
1520 3465 1576 3538 pri-

247 3558 344 3603 eomus
362 3565 445 3604 ausus
464 3565 493 3604 es
516 3550 655 3607 vendicare
680 3550 812 3624 populum
832 3552 935 3607 domiui
956 3570 971 3607 a
993 3552 1082 3607 noxiis
1104 3551 1292 3626 opinionibus,
1318 3560 1347 3608 et
1366 3558 1467 3607 rectam
1488 3549 1574 3623 pieta·

281 3639 336 3687 tem
357 3649 488 3689 asserere.
534 3651 617 3707 perge
645 3643 675 3691 ut
701 3636 822 3709 coepisti,
851 3636 975 3708 relinque
1002 3635 1153 3710 exemplum
1183 3637 1317 3709 posteris;
1347 3651 1408 3690 nam
1433 3635 1484 3690 ista
1507 3634 1642 3691 fecisses.

280 3733 337 3772 non
357 3717 416 3773 sine
438 3717 548 3774 numine
566 3719 671 3782 divum:
705 3721 736 3776 ad
759 3721 816 3777 haec
838 3720 958 3794 respexit
978 3721 1067 3777 divina
1089 3720 1269 3793 providentia.
1290 3719 1398 3792 quarrdo
1417 3729 1444 3775 te
1459 3719 1574 3774 redeuu-

280 3808 334 3857 tem
356 3801 551 3875 aparentibus
578 3803 688 3861 creleste
714 3804 815 3861 fulmen
836 3805 918 3861 reluti
943 3804 1057 3861 alterurn
1080 3804 1193 3861 Paulum
1218 3813 1280 3861 ante
1310 3803 1443 3877 Oppidum
1472 3802 1574 3858 lirllur·

279 3885 390 3942 ilianum
412 3886 440 3942 in
462 3894 563 3944 terram
589 3889 739 3962 prostravit
763 3898 845 3963 atque
872 3890 943 3946 iutra
962 3890 1160 3963 Augustiuiana
1185 3898 1262 3963 septa
1288 3887 1455 3962 courpulite
1477 3896 1573 3944 nostro
1662 3884 1668 3895 ’

243 3970 440 4033 uoeonsoreio,
462 3971 619 4029 tristissimo
639 3981 687 4029 tuo
707 3975 837 4031 discessu.
869 3975 935 4031 Post
956 3976 1008 4032 hoe
1026 3983 1133 4049 tempus
1152 3975 1203 4031 etsi
1225 3992 1284 4030 rara
1307 3973 1390 4029 luerit
1405 3971 1573 4029 familiaritas
1584 3982 1642 4033 §.rt

279 4063 392 4116 nostra.
414 4055 520 4111 animus
543 4065 631 4113 tamen
655 4075 730 4113 meus
757 4077 865 4133 semper
884 4069 948 4116 tuus
972 4060 1082 4121 mausit,
1106 4068 1136 4116 ut
1157 4059 1294 4133 potuisses
1312 4058 1524 4115 animadvertere
1542 4075 1574 4114 er
1673 4045 1679 4057 ’

278 4137 397 4212 epistola
423 4157 503 4212 quam
531 4142 673 4214 superiore
701 4161 772 4199 anuo
800 4145 832 4200 ard
860 4154 888 4200 te
915 4145 976 4201 misi
1006 4147 1168 4217 Augustam,
1197 4144 1219 4199 si
1246 4144 1343 4200 luisset
1370 4144 1489 4206 reddita.
1519 4160 1574 4215 quo

277 4231 403 4297 tempore
424 4232 451 4279 te
472 4241 577 4281 summo
596 4226 687 4283 studio
702 4229 890 4284 ¹commendari
912 4231 1021 4286 l’liumae
1043 4229 1117 4284 Fuso
1139 4230 1225 4303 equiti
1245 4230 1407 4285 auctoritate
1427 4228 1497 4302 apud
1519 4229 1574 4284 Cae·

277 4323 366 4363 sarem
390 4316 521 4381 spectato.
565 4310 706 4384 latigatus
726 4314 833 4386 quidem
856 4331 885 4370 es
907 4314 1037 4370 haetenus
1060 4321 1088 4369 et
1107 4332 1223 4387 corpore
1250 4321 1278 4368 et
1307 4313 1376 4370 lama
1405 4313 1489 4368 multa
1513 4320 1642 4386 per-§.²2

242 4405 268 4444 so
279 4409 393 4465 pessus:
422 4393 469 4449 sed
491 4395 574 4450 ardua
602 4396 661 4451 siue
690 4398 765 4469 gravi
793 4398 886 4454 labore
912 4416 967 4454 nou
989 4398 1179 4473 perficiuntur:
1212 4396 1256 4453 ubi
1277 4398 1337 4454 finis
1358 4397 1411 4452 erit
1432 4396 1573 4458 malorum.

277 4475 436 4533 meminisse
456 4477 571 4542 iuvabit,
595 4490 623 4537 et
644 4480 717 4538 dices
742 4483 872 4539 ‘Transiri
894 4501 944 4556 per
965 4501 1061 4557 aquam
1084 4492 1113 4539 et
1133 4483 1224 4556 ignem
1245 4490 1274 4537 et
1288 4480 1378 4537 salvus
1394 4481 1481 4537 laetus
1496 4480 1573 4536 sum'.

347 4724 495 4794 ¹quando]
514 4727 582 4779 Cum
594 4733 621 4779 2.
673 4728 827 4794 *Χριστοῦ
838 4735 864 4782 2.
906 4731 1085 4783 ¹Catedrnm
1097 4734 1123 4781 2.
1163 4730 1346 4780 'invaserint
1358 4733 1384 4780 2.
1425 4728 1534 4794 quidem
1547 4731 1573 4777 2.
1648 4723 1656 4737 ⁰

276 4807 391 4874 ’praem
404 4809 437 4859 R.
450 4814 504 4861 tae.
519 4829 561 4863 me
575 4815 671 4865 turber
683 4819 709 4865 2.
779 4814 798 4849 ¹¹
819 4814 874 4881 dei]
893 4816 1007 4866 Domini
1020 4817 1046 4865 2.
1117 4814 1138 4847 ¹²
1156 4812 1242 4879 dicet]
1271 4814 1379 4881 Eveng.
1397 4829 1454 4864 see.
1473 4813 1574 4863 Metth.

276 4892 409 4943 xvt.19.
479 4894 501 4928 ¹⁴
518 4900 647 4962 petieris,
673 4902 697 4951 si
720 4916 746 4964 p.
762 4903 788 4950 2.
858 4899 879 4933 ¹¹
898 4898 936 4965 te]
961 4915 991 4949 se
1004 4903 1031 4954 2.
1102 4898 1123 4931 ¹⁷
1140 4895 1217 4962 iuris]
1236 4898 1303 4947 viris
1315 4901 1341 4949 2.
1417 4896 1438 4930 ¹⁸
1456 4895 1596 4965 quoquel,

277 4991 363 5041 quem
376 4978 402 5026 2.
472 4987 593 5032 meretur
609 4986 666 5033 cod.
680 4991 705 5033 et
717 4987 744 5035 2.
809 4986 979 5050 quantuml.
1051 4983 1184 5034 conciliet
1195 4987 1222 5033 2.
1286 4980 1307 5013 ²¹
1326 4982 1457 5033 libertate
1475 4981 1573 5031 Eccle-

275 5062 399 5112 siastico
410 5063 437 5115 2.
473 5063 568 5115 rbeeie
585 5069 642 5117 rod.
684 5065 705 5099 ²¹
724 5065 855 5135 rudemq]
876 5069 1047 5133 eandemque
1060 5072 1086 5119 2.
1129 5066 1151 5100 ²⁸
1169 5066 1307 5117 iudicabit
1318 5070 1345 5117 2.
1392 5067 1415 5098 ³⁰
1433 5065 1472 5132 es]
1492 5071 1535 5116 est
1548 5069 1573 5116 2.

273 5144 300 5178 ³¹
318 5145 440 5212 quando]
454 5162 514 5197 eum
527 5152 553 5201 2.
606 5148 659 5184 ³¹³⁴
676 5153 913 5203 Erfurdienuml.
965 5151 988 5185 ¹⁸
1005 5154 1115 5204 Puehso
1128 5155 1154 5202 2.
1207 5149 1228 5185 ¹¹
1248 5152 1314 5214 erit,
1335 5151 1468 5202 malorum
1480 5152 1574 5200 memi-

272 5233 368 5297 nisse,
388 5232 495 5283 iurabis
507 5235 533 5284 2.
586 5231 607 5267 ⁴¹
625 5233 765 5301 Treueiri]
786 5237 823 5287 oi.
835 5235 938 5287 Peslrn.
950 5236 1035 5287 LXV.
1050 5236 1090 5286 12.
