3625 7050
334 1199 384 1245 llll
821 1184 958 1233 metronis
977 1185 1139 1234 rhnll'luo.

334 1372 442 1433 clauum
465 1373 657 1451 perpetimur.
703 1388 802 1431 sacras
824 1369 926 1438 arides,
958 1372 1046 1430 inimo
1064 1371 1188 1431 nitentia
1219 1368 1324 1447 palatia
1353 1376 1539 1449 sruuptuose,
1569 1387 1628 1429 eron

334 1502 450 1578 pietatis
474 1519 560 1559 eausa
583 1499 738 1559 artificiose.
760 1497 904 1558 melideare
928 1497 1089 1575 eademque
1112 1498 1320 1574 pretiosissima
1343 1497 1514 1573 supellectili
1531 1496 1632 1574 splen?

334 1627 467 1706 didisque
496 1626 603 1686 oscillis
625 1626 707 1704 qnasi
730 1626 902 1686 htarrrmoum
926 1625 1148 1685 sacriticamhnn
1173 1632 1249 1682 esset
1273 1625 1350 1684 varie
1373 1643 1517 1685 exornare
1539 1625 1629 1685 adau-

334 1762 440 1833 ctoque
471 1753 702 1814 sacrificulorum
732 1751 944 1812 lristrionaliuur
973 1751 1101 1830 superho
1130 1770 1163 1811 ac
1187 1754 1304 1829 procaci
1328 1753 1401 1812 usu
1425 1761 1452 1811 et
1476 1712 1627 1813 insolerltia

246 1932 247 1936 ,
334 1883 461 1960 praemiis
485 1879 646 1941 honoribus
669 1879 855 1958 phalerisque
877 1881 1036 1958 propositis
1059 1879 1193 1948 inlicere,
1223 1878 1356 1938 uolentes
1383 1888 1411 1940 et
1433 1881 1629 1940 detrectantes

334 2017 384 2070 aut
406 2011 499 2086 penitis
521 2006 646 2069 rmdtare
669 2014 718 2067 aut
741 2026 828 2067 ruauu
851 2006 968 2066 militari
984 2014 1016 2067 ut
1032 2008 1217 2085 frequentent
1233 2007 1367 2081 ailigere,
1390 2006 1531 2083 neglectis
1545 2024 1628 2083 spre-

334 2137 429 2214 tisque
451 2136 594 2197 hommum
618 2137 723 2195 artium
747 2133 969 2212 litterarumque
991 2152 1025 2192 ac
1053 2132 1244 2211 philosophie
1271 2133 1375 2193 studiis
1402 2133 1495 2193 (lirina
1523 2132 1628 2193 huma·

282 2285 290 2304 ·
333 2281 429 2342 uaque
452 2263 553 2324 edictis
576 2262 737 2322 decretisve
760 2260 896 2321 ordinare
920 2262 1033 2327 einrnia,
1058 2260 1139 2338 quasi
1162 2259 1198 2318 de
1220 2259 1355 2320 manibus
1377 2259 1560 2338 pellibusque
1581 2278 1628 2321 re·

333 2390 450 2466 gendis.
475 2409 532 2450 uon
556 2390 592 2449 de
615 2391 719 2449 animis
741 2389 923 2466 ingeniisque
946 2387 982 2446 ad
1008 2389 1133 2447 veritatis
1156 2387 1316 2463 divineque
1339 2385 1512 2446 mortalibus
1533 2404 1548 2444 a
1572 2387 1628 2447 deo

333 2517 426 2576 iusitco
449 2518 568 2576 rationis
591 2518 796 2593 cognitionem,
821 2532 968 2580 amorem,
991 2532 1077 2573 usum
1100 2513 1241 2572 ducendis
1264 2519 1418 2588 ageretur,
1443 2513 1495 2572 has
1510 2514 1627 2591 (pridem

335 2643 558 2720 consimilisque
587 2663 652 2722 qum
679 2642 778 2702 rnrrltre
805 2648 874 2699 seuit
902 2641 1128 2719 superstitiones
1153 2639 1240 2699 etiam
1264 2640 1434 2717 pientissimi
1457 2641 1511 2701 siri
1534 2639 1572 2700 illi
1595 2649 1627 2700 ut.

334 2769 505 2829 clusinae
527 2769 668 2828 doctrinae
691 2769 852 2828 contrarias
876 2768 1030 2826 fortissime
1054 2765 1122 2825 olim
1139 2766 1408 2842 laquelroruleruutt
1432 2774 1558 2827 attamen
1575 2768 1628 2827 ho·

334 2895 439 2973 dieque
461 2913 566 2973 greges
589 2912 692 2954 eorum
715 2899 782 2952 scrut.
805 2893 912 2971 quihus
933 2893 1026 2952 manre
1049 2892 1230 2952 istiusmodi
1254 2911 1399 2970 perversae
1421 2895 1535 2971 pictatis
1557 2914 1628 2954 cura

334 3015 400 3083 essa
421 3021 551 3081 rideatur
574 3040 662 3099 equam
685 3028 717 3080 ut
738 3020 861 3081 interius
884 3018 1025 3096 templum
1049 3019 1158 3079 domiui
1181 3027 1317 3080 extruant
1340 3019 1493 3099 eidemque
1516 3020 1628 3080 clarum

333 3150 432 3211 luuren
462 3148 617 3217 inducant,
649 3147 677 3207 id
701 3146 778 3224 quod
802 3147 855 3206 nisi
871 3146 1027 3206 mentibus
1048 3147 1239 3225 morihusque
1262 3145 1430 3207 excolendis
1452 3149 1629 3207 eorrhrmau·

334 3277 438 3355 disque
467 3276 531 3335 deri
560 3292 618 3334 non
648 3280 753 3352 potest.
798 3280 884 3351 atque
915 3273 970 3332 hoc
999 3274 1093 3350 ipsum
1124 3280 1156 3332 ut
1185 3273 1267 3332 heret
1296 3275 1324 3332 in
1354 3274 1455 3350 primis
1484 3276 1629 3334 lluttenns

333 3409 435 3463 noster
462 3401 599 3462 omnihus
627 3408 657 3461 at.
685 3402 784 3479 quanti
815 3400 922 3477 ingenii
950 3399 1061 3459 ririlrus
1090 3401 1208 3459 conisus
1231 3408 1288 3468 est,
1319 3399 1456 3479 idemque
1479 3401 1515 3460 de
1537 3400 1629 3462 rohos

334 3528 458 3608 puhlicis
481 3528 760 3607 «ecclesiasticisque,
790 3501 826 3588 de
849 3528 1068 3604 magistratibus
1091 3547 1125 3587 ac
1147 3527 1335 3595 sacerdotiis,
1365 3527 1453 3588 irrodo
1482 3535 1561 3588 reete
1584 3530 1628 3588 in-

336 3656 522 3734 terpreteris,
547 3674 580 3715 oa
604 3657 730 3732 posteris
751 3655 870 3716 tradidit
892 3673 958 3733 qne
980 3672 1039 3713 uon
1055 3655 1210 3714 Germanis
1225 3654 1319 3715 solnm
1336 3655 1386 3715 sed
1410 3653 1525 3733 populis
1547 3655 1629 3732 prin-

333 3781 508 3860 cipibusque
537 3782 674 3842 oumihus
704 3783 854 3843 utilissima
884 3800 948 3841 esse
977 3781 1013 3841 ah
1042 3782 1185 3845 universis
1213 3780 1421 3841 iudicabuntur
1443 3782 1492 3859 qui
1516 3781 1629 3840 veritati

333 3908 452 3984 student
473 3928 569 3989 neque
592 3910 688 3969 omnia
710 3908 751 3969 lui
773 3928 860 3987 posse
883 3910 1020 3987 pecunia.
1052 3908 1127 3967 hane
1150 3906 1238 3968 deum
1261 3925 1341 3976 esse,
1371 3907 1539 3986 lllrrysium,
1569 3924 1629 3967 non

333 4053 494 4115 pauperem
518 4036 667 4096 ernistum
690 4035 745 4095 coli
769 4036 878 4096 dehere
902 4035 1052 4095 institoriis
1076 4035 1136 4094 suis
1158 4036 1262 4096 animis
1288 4040 1509 4113 persuaserunt.
1553 4033 1629 4094 Rem

332 4162 430 4242 itaque
453 4161 619 4222 desiderata
643 4169 840 4240 exoptatoque
863 4159 1048 4238 perfacilem,
1077 4159 1128 4220 sed
1158 4180 1224 4239 qnae
1251 4179 1310 4221 non
1341 4163 1403 4221 siue
1433 4159 1531 4222 uudtis
1553 4160 1629 4221 dilll·

334 4285 506 4355 cultatihm,
536 4285 702 4355 lahorihus,
732 4286 891 4363 dispendiis
920 4287 1021 4363 perlici
1050 4293 1162 4364 potest,
1191 4286 1270 4348 horno
1293 4290 1390 4348 annno
1413 4288 1570 4364 adgressus
1592 4307 1629 4347 eo

333 4413 489 4472 amantiori
507 4419 694 4491 prosecutus
723 4431 788 4473 sum
811 4430 870 4491 quo
893 4413 986 4486 magis
1009 4413 1128 4474 llutteui
1151 4415 1258 4489 ingenii
1281 4416 1428 4494 annuique
1452 4415 1629 4490 magnitudi-

332 4557 417 4607 nem,
447 4540 655 4609 constantiam,
683 4539 914 4619 simplieitatem,
944 4539 1103 4600 candorem
1125 4541 1154 4599 iu
1177 4540 1239 4601 dios
1261 4540 1438 4601 admirabar.
1485 4542 1630 4617 coemptis

332 4666 560 4726 commodatisre
587 4665 725 4728 subsidiis
752 4665 851 4745 paullo
879 4668 1051 4727 instructior
1079 4667 1173 4726 laetus
1199 4667 1294 4745 siquid
1318 4667 1457 4726 ineditum
1481 4673 1530 4725 aut
1553 4665 1629 4726 ohli-

332 4794 418 4854 rionc
440 4793 588 4871 sepultum
611 4793 730 4862 lateret,
761 4800 789 4853 et
818 4793 972 4853 itineribus
1001 4795 1084 4853 lactis
1112 4800 1141 4852 et
1163 4795 1324 4853 arnieorum
1348 4796 1376 4852 in
1401 4793 1502 4870 priruis
1525 4792 1630 4853 litinia-

331 4920 420 4980 uitate
450 4918 652 4980 liberalissime
678 4921 794 4981 aelintus
817 4940 850 4981 ea
877 4920 1024 4998 diligentia
1049 4939 1104 4998 equa
1134 4939 1187 4997 per
1215 4921 1257 4979 rei
1287 4919 1455 4980 eloruesticae.
1476 4918 1629 4980 scholasti·

333 5049 418 5126 cique
440 5048 572 5108 muneris
595 5064 682 5107 curas
703 5047 826 5116 licebat,
855 5047 1087 5126 perquirendmn
1110 5048 1235 5125 suscepi.
1280 5048 1336 5106 iam
1359 5048 1384 5106 si
1406 5063 1532 5133 quorum
1555 5048 1629 5105 ami·

332 5191 435 5233 corum
459 5180 566 5251 quauta
590 5171 764 5234 liheralitate
786 5173 996 5236 immanissime
1019 5175 1135 5234 aeliutns
1158 5192 1267 5243 eastun,
1292 5174 1403 5233 meritis
1425 5171 1562 5234 laudibus
1577 5191 1628 5232 en-

331 5298 481 5368 tollerem,
504 5298 605 5376 glorie
627 5318 700 5359 urere
722 5300 785 5378 ipse
806 5318 897 5360 varrus
920 5301 1096 5378 praedicator
1118 5299 1277 5360 lectorihus
1300 5300 1415 5369 ridear,
1439 5318 1535 5378 reoque
1557 5318 1629 5359 rero

332 5425 577 5487 llutteuianorum
607 5445 731 5504 opcuun
760 5424 918 5486 collectore
946 5434 973 5486 et
998 5427 1110 5488 editore
1133 5428 1253 5504 dignum
1278 5446 1342 5486 esse
1365 5426 1462 5486 imlieo
1485 5426 1522 5487 de
1544 5427 1628 5487 adiu·
