3625 7050
472 1236 621 1292 CLXVIII.
641 1250 820 1290 exuonrmo
834 1249 870 1289 eo
883 1248 1032 1288 consonos
1046 1248 1081 1290 nr
1095 1246 1288 1287 nemeaeus.
1451 1218 1525 1296 353

234 1422 264 1473 ul
284 1418 343 1487 ipsi
363 1418 393 1471 in
415 1422 576 1471 extremam
594 1419 800 1485 paupertatem
826 1413 1005 1484 redipantur.
1056 1410 1157 1466 Nonne
1184 1418 1265 1467 tanta
1291 1419 1335 1468 est
1360 1415 1411 1468 illa
1437 1417 1524 1470 mole-

234 1503 333 1567 dictio,
356 1503 431 1556 sicut
452 1501 608 1572 imapinari
623 1504 734 1569 potest,
756 1515 821 1554 eum
843 1498 1034 1553 clarissimum
1056 1498 1093 1551 sit
1114 1497 1176 1551 boec
1198 1500 1293 1552 amnia
1314 1500 1445 1567 seruitia,
1471 1501 1525 1555 bees

234 1587 305 1640 tales
320 1585 522 1655 beneficiorum
538 1585 702 1639 collationes
717 1591 819 1638 cantra
835 1585 893 1650 ius,
917 1599 974 1635 roan
985 1588 1109 1652 propter
1126 1581 1283 1650 Christum,
1306 1585 1358 1637 sed
1369 1587 1526 1655 proprium

232 1672 409 1725 commodum
432 1674 607 1740 usurpatas,
636 1674 664 1722 et
685 1673 789 1722 cuncto
817 1668 867 1722 illa
894 1667 987 1720 media
1015 1668 1068 1720 deo
1090 1667 1208 1735 penitus
1236 1669 1387 1738 displicere
1394 1689 1405 1729 ,·
1431 1677 1458 1724 ct
1485 1678 1525 1734 tu,

233 1771 312 1810 coeca
336 1754 506 1819 Germania,
525 1760 615 1824 putas
637 1753 670 1806 ob
692 1753 879 1808 obedientiam
902 1751 997 1804 omniu
1019 1752 1183 1806 necessario
1199 1753 1267 1822 pati
1286 1753 1397 1807 debere.
1436 1753 1525 1808 Sedu-

231 1841 341 1894 ctiones
355 1841 418 1893 istoe
439 1840 496 1892 iam
518 1855 582 1893 eum
606 1853 708 1908 nreepuo
730 1838 834 1891 decumo
855 1851 952 1905 passa
979 1836 1042 1890 luce
1069 1835 1179 1890 clarius
1207 1837 1381 1906 aperiantur
1408 1839 1471 1904 tibi,
1499 1842 1526 1890 et

232 1923 329 1978 adbuc
357 1926 437 1977 times
464 1924 560 1978 dicere
587 1928 614 1975 el
642 1922 738 1976 uidere
767 1921 844 1991 quod
871 1920 955 1974 uides.
1001 1918 1076 1985 Quid
1104 1921 1205 1975 times?
1235 1921 1344 1975 Eccita
1370 1924 1526 1991 potentiam

231 2015 311 2062 letam
334 2009 384 2061 tibi
405 2025 422 2059 a
445 2008 497 2061 deo
519 2007 617 2060 datam
639 2006 684 2060 leis
700 2005 942 2075 perversitatibus
964 2005 1013 2057 tibi
1031 2005 1062 2057 in
1083 2010 1160 2058 tumn
1176 2006 1396 2059 destructionem
1407 2008 1527 2077 penitus

232 2093 412 2146 tendentibus
439 2091 606 2156 resistendi,
640 2096 667 2143 el
696 2103 803 2159 repone
831 2090 950 2158 antiqua
979 2103 1066 2141 saera
1095 2090 1211 2142 decreta
1245 2095 1312 2143 eante
1343 2097 1525 2160 errrtspeetum

233 2183 328 2241 tuum,
359 2191 424 2245 quoe
445 2176 485 2228 ila
506 2175 715 2243 perspiritum
737 2178 867 2227 sanetum
890 2173 997 2226 dietata
1019 2174 1050 2226 in
1075 2174 1284 2227 universalibus
1312 2176 1439 2229 crrrrciliis
1459 2181 1527 2229 saut

230 2262 322 2327 edita,
347 2260 449 2330 quibus
471 2259 554 2311 etiam
577 2258 697 2328 areisque
720 2257 868 2313 Romanus
885 2257 1024 2327 pontifex
1046 2257 1159 2310 obedire
1182 2263 1309 2324 leuetur,
1332 2261 1390 2312 nisi
1403 2261 1431 2313 in
1448 2267 1525 2313 tuum

229 2346 464 2413 suppressionem
487 2348 515 2395 et
536 2342 675 2396 Rarrrunec
697 2343 787 2396 curia
808 2341 1013 2396 exaltationem
1036 2342 1148 2406 tendat,
1171 2347 1200 2395 et
1220 2343 1301 2396 dicus
1316 2352 1425 2397 sauctae
1439 2345 1527 2398 rrrutri

230 2434 288 2483 tuce
311 2429 439 2482 ecclesia
461 2433 677 2495 repraesentata·
697 2441 753 2495 per
774 2426 833 2480 boe*
849 2441 966 2479 sacrum
988 2426 1138 2480 concilium
1161 2426 1270 2492 „Ecca
1295 2438 1387 2481 ntrrter
1399 2430 1524 2496 pietatis,

229 2517 335 2568 cantra
358 2518 424 2566 teras
445 2516 561 2566 sanctas
583 2512 700 2581 reputas
723 2511 865 2564 urtioersee
886 2511 1014 2563 eeclesiae
1040 2511 1163 2563 traditas
1188 2517 1331 2582 procreetur
1358 2513 1524 2566 obedientis-

230 2598 307 2652 sima
327 2596 390 2666 filia
413 2602 479 2662 tua,
503 2597 580 2649 rudia
597 2596 783 2661 Germanica,
807 2599 834 2647 et
856 2594 963 2663 absque
984 2608 1074 2647 causo
1096 2594 1125 2646 in
1148 2596 1281 2648 miseram
1297 2597 1459 2650 seruitutem
1476 2596 1524 2649 de-

229 2682 410 2737 corauliset
432 2687 645 2749 eetnetaspene
668 2694 736 2750 opes
764 2679 944 2761 deplutieutis
971 2677 1110 2731 Romame
1138 2680 1229 2732 carice
1256 2681 1376 2734 reducta
1404 2687 1463 2737 est:
1498 2684 1526 2733 et

229 2781 325 2832 nunc,
349 2766 418 2833 quia
439 2765 560 2834 spiritus
581 2764 689 2818 domini
709 2764 827 2833 repleuit
850 2763 945 2817 orbem
968 2768 1093 2817 terrente
1113 2762 1296 2817 habitationis
1311 2771 1432 2832 nostres,
1455 2766 1524 2835 quie

230 2851 359 2906 uidemus
381 2849 458 2919 quod
478 2849 579 2919 laquea
602 2849 730 2902 restricti
756 2854 886 2901 tenemur
913 2853 940 2901 et
967 2848 1093 2901 marinio
1117 2846 1266 2918 funiculo,
1301 2851 1377 2918 arcad
1404 2847 1525 2919 difficile

228 2934 372 2988 lactemus
393 2935 491 3003 rumpi
506 2934 615 3003 patuit,
641 2933 703 2986 ideo
725 2933 810 2986 iusta
832 2933 889 2985 tria
916 2938 1018 2985 saneto
1043 2938 1191 3002 praeopta
1219 2939 1369 2987 conterere
1398 2935 1525 2989 volumus

229 3018 310 3073 laune
331 3019 465 3088 laqueum
487 3024 515 3072 et
536 3019 666 3086 nosipsos
689 3022 738 3070 tua
756 3017 934 3086 protectione
956 3017 1088 3070 liberare.
1134 3016 1198 3071 Nou
1224 3019 1437 3087 aeqteiescemus
1464 3036 1524 3072 anr-

225 3104 323 3174 plius,
345 3104 372 3156 si
393 3102 524 3156 Roneuua
546 3103 630 3155 curia
648 3115 706 3171 per
728 3115 915 3171 quaemcunque
937 3102 1012 3168 aias,
1042 3102 1100 3155 sive
1126 3104 1290 3171 pretiorum
1312 3105 1370 3157 sioe
1392 3118 1524 3157 reserua-

227 3189 354 3254 tionnm,
378 3178 587 3256 ¹beneficiorum
615 3187 781 3241 collationes
810 3187 849 3239 od
874 3200 905 3238 sc
928 3186 1069 3245 traxerim
1101 3202 1157 3239 nan
1186 3188 1412 3258 acateiescemus,
1448 3189 1475 3242 si
1495 3188 1525 3242 iu

227 3270 356 3326 eleelieis
376 3270 520 3340 benefieiis
541 3277 569 3324 et
590 3269 775 3340 dipnitatibus
798 3277 825 3322 et
846 3269 1111 3338 carofirmationibus
1125 3271 1198 3324 iuris
1213 3273 1340 3326 ordinem
1357 3271 1525 3344 infreperit:

229 3373 289 3411 nou
312 3354 352 3408 ad
372 3362 498 3410 annates
520 3361 570 3409 aut
592 3355 712 3409 annales
733 3355 955 3409 contributiones
976 3354 1098 3425 oblipari
1115 3356 1257 3423 uolumus,
1280 3358 1332 3411 sed
1345 3361 1454 3411 lantum
1470 3358 1526 3410 erit

230 3440 448 3510 diliqeutissima
469 3456 543 3494 cura
565 3446 666 3494 nostra
687 3440 894 3494 strictissimam
918 3439 1102 3494 obedientiam
1124 3440 1153 3493 in
1176 3442 1287 3494 curretis
1308 3442 1348 3495 ad
1361 3443 1524 3495 animarum

228 3526 353 3580 sulutem
374 3526 568 3596 spectantibus
590 3524 741 3592 exhibere,
761 3528 826 3594 pati
847 3526 1056 3591 correctiones,
1080 3526 1268 3593 visitationes,
1292 3526 1523 3597 reformationes,

229 3617 257 3665 et
279 3615 386 3664 cuncta
408 3626 473 3682 qreoe
495 3610 674 3665 adsalutem
693 3610 854 3680 pertinent,
882 3609 1033 3664 dummodo
1061 3610 1090 3662 in
1117 3609 1196 3663 illum
1216 3611 1303 3680 fierem
1326 3629 1344 3664 a
1365 3615 1432 3666 sede
1454 3628 1524 3681 opo-

228 3695 333 3749 stolica
355 3695 399 3748 uel
420 3696 476 3750 alio
498 3706 667 3765 quoeunque
689 3694 729 3748 ad
748 3694 802 3748 boc
825 3695 1022 3748 auctoritatem
1038 3692 1159 3747 labente
1172 3694 1255 3763 fiant.
1302 3695 1525 3751 Necessitatibus

229 3785 327 3833 autem
349 3780 521 3834 universalis
543 3780 669 3834 eeclesia
687 3794 744 3849 per
766 3785 879 3833 nastros
894 3780 1016 3849 lepatos,
1039 3778 1220 3846 cardinales,
1244 3781 1294 3848 qui
1308 3779 1437 3835 Romana
1449 3797 1523 3851 pan-

230 3864 304 3933 tifici
325 3866 472 3931 assistent,
495 3865 658 3931 carosulere,
686 3881 721 3917 oe
744 3865 810 3917 dam
832 3864 872 3916 ita
892 3862 972 3933 foret
993 3868 1198 3931 opportunum,
1223 3879 1282 3933 per
1309 3879 1455 3935 expensas
1474 3864 1524 3935 fu-

228 3947 350 4003 ciendus
376 3950 557 4004 contribuere
585 3965 642 4003 nan
671 3949 882 4013 recusabimus,
916 3948 1066 4001 dammodo
1094 3947 1128 4000 de
1155 3953 1253 4002 nostro
1281 3954 1331 4001 aut
1365 3951 1523 4020 lepatorum

229 4038 395 4088 nostrorum
423 4047 563 4088 consensu
592 4033 718 4088 subsidia
745 4033 908 4087 breiasmodi
934 4033 1127 4102 imponantur.
1177 4032 1216 4085 Et
1250 4034 1364 4102 qeeemda
1399 4033 1452 4088 bae
1483 4036 1525 4088 ita

228 4116 402 4189 fecerimus,
430 4132 583 4188 speramus
604 4135 702 4173 earam
725 4118 777 4171 deo
799 4118 838 4171 od
860 4117 940 4170 nulla
962 4118 1020 4170 alm
1042 4132 1094 4171 uos
1116 4116 1255 4171 Romame
1277 4119 1367 4172 curia
1395 4120 1523 4189 oblipari

229 4208 256 4256 et
278 4203 417 4273 quiequid
437 4204 517 4258 nobis
538 4208 640 4258 contro
657 4205 812 4274 proconissa
831 4202 998 4256 ruaudutum
1011 4200 1118 4272 fuerit,
1142 4219 1199 4257 nou
1214 4206 1403 4280 eemunduto
1419 4204 1525 4259 libr-isti

229 4287 364 4356 prodire,
388 4293 415 4341 et
437 4304 493 4349 non
516 4290 665 4357 acceptari
682 4304 781 4358 posse,
804 4288 859 4341 imo
882 4288 978 4341 veritos
1001 4286 1129 4357 refutari
1149 4288 1267 4354 debere,
1291 4290 1341 4359 arei
1354 4290 1433 4344 nolas
1443 4305 1523 4359 prec-

230 4372 319 4441 eepit,
344 4373 421 4442 quod
438 4379 556 4442 patrum
577 4379 725 4443 praecepta
747 4387 866 4428 seruare
896 4373 1056 4427 debeamus.
1107 4372 1146 4426 Et
1172 4375 1246 4428 sieut
1271 4375 1339 4428 dicit
1368 4376 1525 4446 Greporius

231 4456 419 4511 ‘Admonendi
439 4463 505 4511 suut
526 4458 642 4524 subditi,
676 4473 711 4511 ne
732 4459 799 4527 plus
821 4474 906 4529 quam
930 4459 1048 4527 expedit
1069 4460 1126 4512 siut
1153 4459 1286 4525 subiecti,
1320 4474 1356 4513 ne
1377 4476 1442 4514 eum
1464 4466 1523 4515 stu·

230 4541 317 4595 deant
335 4543 512 4614 plusquam
540 4544 657 4614 expedit
685 4542 845 4597 horninibus
871 4543 985 4611 subiici,
1017 4543 1226 4613 compellantur
1254 4560 1352 4598 eorum
1381 4547 1448 4600 oitia
1478 4560 1523 4600 oe·

229 4627 356 4694 ueram,
379 4623 431 4695 de.

833 4703 922 4745 reuss.

229 4841 432 4852 —n———n

251 4982 253 4985 ’
296 4976 318 5009 ¹³
343 4976 526 5044 repraefctata
543 4979 578 5029 Α.
654 4977 676 5009 ³⁵
700 4978 743 5027 cf.
759 4979 853 5030 Ioann.
872 4980 932 5029 XV.
948 4977 985 5027 10.
1057 4977 1079 5009 ³⁶
1105 4975 1230 5042 Gregor.]
1254 4979 1371 5028 Decrcti
1394 4977 1521 5029 Gratiam.

227 5068 300 5128 part.
314 5063 352 5113 II.
374 5078 452 5115 enus.
470 5065 507 5113 11.
527 5080 571 5128 qu.
590 5064 614 5113 7.
629 5079 690 5127 cap.
704 5064 746 5116 57.

280 5640 417 5695 Herem
436 5641 505 5694 Ore.
524 5658 588 5695 von.
602 5642 624 5693 I.
