3625 7050
368 1242 448 1296 CLV.
467 1257 551 1295 arra.
565 1257 602 1295 an
614 1257 727 1295 rannus.
742 1257 869 1295 avarsus
882 1256 969 1294 naar.
984 1256 1019 1293 aa
1033 1255 1078 1292 vu.
1092 1255 1171 1292 occu.
1185 1253 1320 1292 cosssuv.
1336 1245 1395 1292 rato.
1455 1224 1523 1298 331

235 1413 477 1486 „coacervabunt
502 1413 557 1474 sihi
585 1414 741 1491 magistros
762 1413 931 1494 prurientes
952 1411 1102 1473 aurihns'’.
1145 1410 1208 1471 lloc
1234 1410 1305 1471 illud
1333 1419 1377 1472 est
1404 1416 1599 1492 tempusue.

233 1517 370 1596 proiecte
392 1516 450 1576 hoc
474 1524 533 1586 est,
563 1523 650 1595 atque
678 1517 766 1594 igitur
796 1515 1016 1593 praedicandum
1042 1532 1137 1582 nunc,
1171 1513 1354 1589 arguendum
1381 1521 1411 1573 et
1436 1517 1531 1574 inc-re·

234 1619 383 1699 pandum,
406 1637 474 1679 cunr
497 1620 564 1698 quia
585 1619 622 1679 ad
644 1636 791 1678 summum
816 1616 985 1676 conscendit
1005 1616 1146 1675 scelerata
1169 1617 1292 1675 istorum
1314 1616 1449 1683 avaritia,
1470 1623 1532 1678 tum

236 1723 306 1800 quia
327 1722 357 1781 in
378 1728 462 1780 tuum
484 1721 606 1781 fratrem
630 1722 746 1800 optimae
770 1721 833 1797 spei
861 1721 997 1778 iuvenem
1022 1717 1122 1777 incidit
1146 1734 1247 1777 rerum
1268 1715 1456 1793 gubernatio,
1483 1719 1533 1796 qui

235 1828 266 1882 et
291 1828 388 1899 potest
411 1820 546 1882 facillime
570 1822 615 1882 his
638 1821 751 1881 mederi
773 1819 871 1892 malis,
895 1827 925 1879 et
943 1822 1114 1879 occasiones
1135 1818 1224 1879 habet
1244 1824 1277 1879 ut
1297 1821 1343 1879 vir
1366 1819 1442 1880 ullus
1464 1827 1531 1881 arcte

235 1942 269 1983 se
291 1923 399 1992 bonas;
432 1925 550 2002 quicum
574 1922 653 1983 hunc
680 1921 790 1982 librum
815 1921 903 1981 veluti
931 1921 1078 1999 quoddam
1106 1922 1258 1999 utriusque
1281 1921 1344 1980 vitae
1370 1921 1529 2000 exemplar,

235 2025 317 2104 qnod
337 2043 387 2084 vos
410 2025 539 2095 erudiat,
562 2027 756 2085 communica.
802 2022 919 2082 Clarum
942 2024 1039 2083 eninrii
1061 2025 1245 2100 imperatoris
1274 2023 1387 2082 lacinus
1408 2024 1444 2083 ad
1466 2023 1603 2100 put-§.oa

237 2126 453 2186 cherrimarum
475 2125 557 2186 robis
579 2144 680 2186 rernm
702 2124 916 2186 eanrnlationem
936 2124 1122 2184 hortamento
1142 2143 1206 2184 esse
1230 2123 1336 2184 dehet·
1367 2122 1432 2185 'libi
1454 2127 1532 2186 enim

236 2229 280 2289 sic-
298 2226 404 2287 dedico
426 2226 550 2295 librurn,
579 2236 612 2288 ut
633 2234 732 2287 tecum
755 2227 808 2304 ipsi
829 2244 1016 2286 communem
1044 2243 1108 2285 esse
1131 2225 1232 2294 velim,
1260 2245 1348 2305 (prem
1371 2244 1430 2285 non
1450 2233 1532 2304 pote·

225 2330 290 2390 »stis
318 2347 377 2389 non
403 2346 519 2389 summo
547 2329 683 2407 ampiecti
712 2329 824 2389 studio:
856 2329 1006 2387 veritatem
1033 2327 1188 2406 profitetur
1209 2329 1301 2396 enim,
1327 2333 1357 2386 ot
1381 2327 1532 2388 heroicum

237 2431 346 2513 summi
372 2432 452 2508 regis
479 2431 587 2491 lactum
616 2432 756 2491 adversus
785 2430 983 2507 impudentem
1011 2427 1145 2489 scelerati
1168 2429 1335 2505 impostoris
1358 2429 1532 2489 calumniam

237 2537 353 2600 tuetnr;
388 2539 470 2592 etex
493 2531 645 2609 erarrgelio
667 2539 747 2591 totus
767 2538 826 2599 est,
855 2549 890 2590 ac
915 2529 1012 2589 verbis
1038 2529 1143 2590 Christi
1171 2531 1303 2607 apposite
1330 2533 1531 2591 concinnatus.

237 2632 329 2694 llecet
350 2639 448 2693 autem
468 2635 596 2694 raritatis
618 2634 715 2694 studio
737 2634 830 2692 teneri
852 2650 918 2700 ros,
942 2637 970 2690 et
992 2630 1028 2689 ab
1050 2629 1223 2690 adulationis
1239 2649 1350 2691 veneno
1372 2649 1458 2692 sanas
1480 2632 1601 2692 tra-cu.

238 2732 311 2793 here
336 2741 449 2794 mentes
476 2753 510 2795 ac
536 2754 631 2796 aures.
676 2734 753 2795 Sane
775 2734 899 2813 principi
921 2733 995 2793 Ilion
1020 2733 1152 2809 praecipit
1176 2735 1383 2810 superomnia
1407 2735 1535 2794 recitatis

225 2853 275 2896 mc
294 2835 487 2914 simplicitatis
509 2843 541 2900 ut
564 2839 676 2897 amicus
699 2838 750 2904 sit,
777 2835 854 2896 hanc
875 2835 988 2910 regiam
1010 2836 1145 2893 virtutem
1169 2841 1370 2903 consectetur,
1399 2836 1534 2895 astutiam

238 2942 269 2995 et
295 2935 430 2996 fraudem
453 2937 495 2997 utl
521 2937 636 2998 servilia
659 2944 755 3015 putet;
788 2936 969 3016 Pythagoras
990 2953 1060 2994 vero
1083 2936 1296 3013 interrogatus,
1320 2937 1459 3014 quidnam
1482 2955 1534 3014 po·

237 3037 384 3097 balurum
406 3036 499 3097 simile
518 3038 573 3098 diis
594 3039 728 3099 hornines
747 3040 869 3107 iaciant,
890 3036 972 3097 ‘Cum
989 3056 1056 3096 vera
1072 3036 1243 3116 loquuntur'
1258 3039 1417 3116 respondit.
1449 3038 1534 3111 Quod

238 3138 408 3200 conandum
430 3138 512 3199 vobis
533 3142 682 3209 existimo,
712 3148 744 3200 ut
764 3141 819 3200 diis
840 3137 963 3206 simileS,
987 3139 1015 3198 id
1036 3145 1080 3198 est
1101 3138 1220 3217 utplus
1241 3139 1379 3218 quiddam
1400 3138 1462 3200 aliis
1481 3139 1534 3199 ho·

237 3237 368 3299 minibus
387 3241 464 3309 sitis;
498 3240 606 3319 alioqui
625 3242 774 3319 principes
796 3259 855 3300 non
878 3242 972 3309 eritis,
996 3258 1086 3318 supra
1109 3239 1181 3300 alios
1199 3242 1224 3300 si
1243 3239 1313 3300 nihil
1335 3242 1391 3300 erit
1407 3243 1435 3301 in
1454 3241 1535 3300 robis

225 3355 397 3416 rmagnum,
421 3342 492 3402 nihil
513 3343 728 3403 admirandum.
774 3341 827 3401 llic
848 3341 946 3401 videre
969 3342 1069 3402 ridear
1091 3342 1235 3421 quosdam
1261 3342 1434 3419 obstrepere
1463 3342 1604 3404 rnilritos.

236 3440 297 3500 hoc
324 3441 454 3503 dicentes
480 3444 579 3516 ‘Quid
607 3450 637 3504 tu
666 3445 833 3521 pontificem
863 3450 1063 3520 contemptum
1090 3443 1196 3503 reddes
1221 3441 1341 3520 igiturt’
1377 3442 1439 3519 Ego
1466 3462 1535 3503 vcro

237 3545 373 3613 minime,
402 3546 454 3606 sed
480 3547 619 3624 adempto
651 3546 690 3606 illi
716 3546 799 3613 luco,
832 3552 864 3605 ut
891 3563 958 3605 cera
987 3545 1131 3621 pontificis
1159 3547 1389 3633 eniteat‘imago
1419 3546 1534 3616 lac-iam,

237 3644 432 3724 detractoque
456 3665 491 3707 eo
511 3647 709 3726 quodcunque
732 3648 780 3706 illo
802 3648 953 3723 indignum
975 3653 1033 3714 est,
1063 3647 1186 3706 reddam
1212 3646 1290 3725 quod
1319 3649 1472 3716 amiserat,
1499 3666 1535 3707 ex

238 3753 363 3825 tyranno
384 3749 568 3823 pontificem,
596 3766 632 3807 ex
659 3766 729 3825 rege
753 3755 882 3825 patrem,
907 3767 941 3807 ex
964 3747 1029 3806 lure
1056 3754 1204 3823 pastorem
1230 3748 1341 3807 mundo
1367 3750 1533 3808 restituens.

225 3848 331 3920 rQuasi
354 3868 424 3908 vero
444 3852 581 3928 cuiquam
604 3849 800 3910 venerabilior
822 3867 886 3908 esse
909 3850 1000 3926 possit
1024 3866 1104 3907 arma
1127 3866 1234 3925 gerens
1253 3849 1341 3926 (quod
1363 3847 1447 3926 absit)
1473 3848 1538 3911 bel.

238 3947 316 4009 lator
339 3950 414 4020 heo,
444 3969 532 4029 quam
560 3969 615 4029 pro
642 3969 715 4029 pace
740 3948 871 4010 ecclesian
898 3948 1069 4027 suppliciter
1091 3967 1178 4008 orans
1205 3950 1281 4010 idom
1308 3957 1432 4028 togatus.
1476 3951 1533 4012 Sed
1544 3962 1603 4015 tn.

239 4051 298 4110 iam
322 4050 359 4110 de
385 4049 431 4110 his
457 4052 542 4129 plura
567 4054 708 4113 desinam.
756 4051 845 4112 Valde
869 4049 940 4111 mihi
968 4050 1070 4128 placeo
1097 4069 1131 4109 cx
1155 4051 1211 4111 hac
1233 4051 1365 4120 loctuna,
1398 4053 1536 4130 princeps

239 4150 443 4220 l'erdinandc,
466 4156 516 4231 qui
539 4154 646 4214 librum
667 4154 753 4213 nohis
774 4155 871 4213 inveni
889 4154 932 4211 sic
952 4151 1065 4241 utilem,
1089 4154 1132 4211 sic
1154 4154 1352 4213 necessarium
1376 4160 1405 4213 et
1427 4152 1534 4214 saluta-

239 4269 321 4318 rem:
351 4252 408 4312 hoc
429 4256 591 4330 praesertim
617 4261 767 4334 ternpore,
796 4274 855 4333 qno
881 4256 928 4330 agi
953 4272 1002 4314 res
1030 4254 1128 4314 denuo
1157 4256 1264 4316 iamdiu
1296 4256 1461 4316 intermissa
1492 4258 1535 4315 in·

225 4354 321 4430 rgenti
347 4372 414 4413 cnm
439 4373 491 4433 spe
519 4358 686 4434 principum
709 4375 744 4415 ac
767 4356 867 4434 populi
888 4357 1027 4418 Germani
1050 4358 1164 4434 incipit,
1185 4366 1218 4418 ut
1234 4357 1304 4417 nihil
1327 4358 1391 4417 lieri
1414 4375 1430 4416 a
1451 4356 1537 4417 nobis

237 4456 401 4524 insuetum,
421 4457 551 4535 nihilque
565 4477 673 4517 norum
690 4458 805 4517 rideant
822 4457 860 4517 illi
879 4459 943 4535 qni,
969 4478 1036 4518 crrnn
1053 4459 1193 4519 aclversus
1208 4460 1403 4537 iniquissimas
1419 4458 1535 4520 illorum

237 4557 405 4617 exactiones
423 4560 596 4638 rpntiremus
614 4575 718 4636 nuper,
735 4559 887 4619 haereticos
899 4558 1065 4619 clunrahant
1080 4566 1108 4619 ct
1120 4562 1216 4635 ignem
1234 4560 1319 4620 nobis
1336 4559 1533 4628 minabantur,

236 4673 272 4715 ac
298 4655 422 4718 Romam
451 4658 662 4737 pertrahebant
689 4677 796 4736 magno
821 4679 888 4719 cum
914 4663 1079 4721 Germaniae
1108 4668 1199 4720 motu.
1242 4664 1324 4740 quasi
1350 4679 1438 4721 nemo
1466 4671 1602 4731 ardenar.

237 4776 292 4817 nos
314 4757 371 4818 talo
393 4762 549 4839 quicquam
569 4779 658 4821 ausus
681 4768 772 4828 essct,
797 4770 847 4820 aut
871 4764 1003 4821 sinemo
1026 4764 1112 4821 etiam
1133 4779 1222 4821 ausus
1239 4768 1332 4831 esset,
1354 4779 1413 4821 non
1433 4761 1532 4821 huius·

225 4858 318 4918 >modi
340 4868 439 4920 essem
465 4880 518 4922 scra
539 4863 665 4928 scelera,
695 4869 728 4923 ut
755 4863 819 4922 huc
845 4862 963 4941 publica
990 4865 1079 4922 totius
1102 4863 1266 4925 Germaniae
1290 4861 1451 4922 rebellione
1474 4864 1534 4922 vin·

303 5127 422 5197 'istonl
442 5133 562 5198 ipsorum
576 5135 649 5184 2...4.
706 5132 788 5199 ⁸quo
808 5148 868 5183 oum
882 5136 955 5183 2...4.
1011 5130 1031 5164 ¹⁴
1048 5130 1132 5197 Dion]
1152 5132 1291 5195 chrysost.
1305 5133 1338 5182 de
1353 5149 1438 5199 regno
1456 5138 1526 5183 orat.

234 5214 256 5264 1.
270 5213 305 5278 (1.
319 5232 346 5280 p.
360 5215 402 5264 52.
417 5217 458 5266 ed.
472 5218 581 5282 Roisk.)
599 5211 652 5284 τὴν
669 5211 722 5283 μὲν
738 5204 792 5268 οὖν
808 5208 956 5284 ἁπλότητα
974 5212 1023 5267 sul
1035 5210 1089 5282 τὴν
1100 5207 1246 5282 ἀλήθειαν
1257 5206 1368 5281 ἡγεῖται
1381 5209 1530 5281 βασιλικὸν

234 5294 284 5348 καὶ
309 5292 468 5366 φρόνιμον·
492 5294 547 5367 τὴν
570 5296 603 5352 dl
627 5301 810 5366 πανουργίαν
833 5299 883 5352 καὶ
907 5296 960 5369 τὴν
983 5292 1099 5366 α’πάτην
1116 5290 1242 5365 ἀνόητον
1258 5296 1308 5350 nul
1328 5296 1529 5364 δουλοπρεπές.

234 5381 256 5415 ¹⁸
273 5383 460 5450 Pythagoras]
480 5379 661 5452 Πυθαγόρας
675 5380 853 5453 tparanete,
872 5386 902 5436 τί
913 5384 1046 5435 ποιοῦσιν
1063 5375 1216 5449 ἅνθρωποι
1229 5385 1312 5442 θεοῖς
1325 5373 1440 5450 Sporum
1461 5379 1532 5451 ἔφη’

229 5455 300 5518 'Ede
312 5458 507 5535 ἄληθεύωσιν.
538 5471 841 5522 &contonantes
900 5470 923 5502 ²³
942 5486 1018 5519 arma
1037 5467 1105 5535 gem]
1125 5470 1245 5519 utlaiius
1258 5470 1300 5519 11.
1358 5467 1380 5500 ²⁸
1399 5470 1532 5521 inv.nob.

235 5555 260 5603 3.
270 5556 294 5603 d.
349 5552 372 5585 ⁸¹
389 5552 485 5622 nuper]
505 5557 620 5623 Respicit
638 5558 674 5607 ad
694 5558 777 5607 Vada
795 5556 884 5606 librum
902 5571 920 5605 a
935 5571 963 5605 se
977 5555 1140 5622 publicatum.
1197 5552 1219 5585 ³⁵
1236 5553 1384 5607 rebellioni
1399 5557 1458 5609 34.
