3625 7050
271 1241 364 1293 Lxx.
373 1255 503 1294 asemon
512 1255 628 1292 ηοω.
640 1255 727 1290 enarr.
735 1255 765 1291 m
776 1253 858 1291 anun.
866 1253 964 1290 vanna:
974 1237 1009 1288 nir
1020 1253 1121 1289 nourr.
1129 1253 1226 1288 consa.
1234 1254 1292 1289 arn.
1306 1247 1325 1287 t.
1334 1255 1396 1290 nne.
1404 1249 1462 1291 tata.
1502 1227 1568 1298 161

272 1411 430 1482 custodes,
454 1409 507 1472 sed
529 1410 697 1490 proditores
719 1417 748 1471 et
770 1410 864 1470 tures:
887 1407 1082 1489 quamobrem
1104 1409 1168 1469 iure
1190 1409 1301 1487 optimo
1323 1409 1499 1472 maledicere
1519 1411 1574 1473 illis

273 1512 363 1584 lieet,
395 1514 463 1591 quia
485 1512 542 1574 deo
565 1531 644 1574 curae
667 1530 727 1572 non
748 1518 832 1581 sunt,
866 1510 974 1588 quibus
996 1527 1051 1588 pax
1080 1509 1127 1569 dei
1153 1528 1231 1571 curae
1259 1529 1319 1575 non
1348 1512 1410 1572 luit.
1456 1513 1642 1580 tandemcae.

272 1614 368 1689 igitur
389 1613 520 1691 pontifex
543 1615 572 1672 in
595 1611 718 1673 eeclesia
734 1628 800 1671 'non
823 1612 877 1670 fuit
905 1611 1045 1688 quamdiu
1074 1629 1130 1688 pax
1153 1629 1213 1671 non
1236 1613 1297 1672 luit.
1338 1615 1499 1693 quinetiam
1522 1635 1576 1677 nec

274 1715 379 1777 dicere
401 1715 478 1776 bene
500 1733 555 1775 nee
577 1715 675 1774 faeere
698 1713 820 1782 licebat,
844 1712 984 1792 quamdiu
1006 1712 1124 1791 quidem
1147 1711 1187 1772 illi
1207 1713 1417 1790 grassabantur
1432 1725 1486 1793 per
1501 1718 1576 1778 ovile

244 1816 326 1876 odei
347 1835 468 1877 voraces
489 1814 564 1894 lupi,
594 1814 649 1875 illae
671 1814 859 1875 devastabant
882 1815 996 1874 vineam
1018 1811 1127 1873 domini
1149 1813 1313 1892 singulares
1341 1816 1426 1887 ierae,
1460 1817 1499 1877 illi
1522 1819 1574 1878 do-

273 1917 466 1979 minabantur
493 1917 559 1977 orbi
582 1916 745 1976 Christiano
773 1914 1019 1992 incomparabiles
1047 1916 1178 1995 tyranni,
1212 1916 1319 1994 quibus
1349 1918 1385 1978 de
1412 1918 1574 1979 Hieremias

274 2018 349 2079 dicit
377 2019 523 2079 ‘Pastores
545 2017 629 2078 multi
651 2016 781 2078 demoliti
803 2025 872 2078 sunt
898 2017 1012 2076 vincam
1041 2035 1152 2085 nicam,
1187 2018 1432 2080 correulrarerunt
1458 2029 1573 2098 partem

274 2120 393 2180 ineam'.
438 2120 512 2180 Nam
534 2121 558 2180 si
578 2127 660 2179 tanto
683 2121 807 2198 quisque
830 2121 913 2197 peior
934 2126 1076 2197 tyrannus
1099 2126 1157 2188 est,
1188 2128 1296 2197 quanto
1320 2139 1354 2180 ex
1378 2123 1483 2201 rivium
1506 2126 1641 2183 cerr-§.tt

272 2220 400 2298 poribus
422 2219 520 2299 plura,
544 2229 576 2281 ut
597 2229 678 2281 tutus
699 2222 763 2298 ipse
785 2227 953 2298 grassetur,
987 2221 1149 2290 necaverit,
1183 2222 1253 2298 quid
1280 2222 1317 2281 de
1339 2222 1395 2282 illis
1417 2224 1572 2285 dicendum

231 2339 262 2381 ro
280 2329 329 2382 est
350 2323 413 2400 qui,
441 2330 475 2382 ut
495 2340 567 2400 opes
588 2322 747 2392 haherent,
777 2323 940 2381 animarum
962 2322 1070 2399 passim
1094 2320 1203 2381 eaedem
1225 2322 1431 2384 instituebant?
1463 2327 1513 2404 qui
1534 2327 1573 2387 ob

271 2422 423 2483 adsertam
453 2424 603 2484 veritatem
633 2441 692 2482 non
722 2442 848 2502 corpora
872 2423 1025 2483 hominum
1052 2423 1203 2482 trucidare
1231 2425 1359 2484 contenti
1388 2434 1487 2496 erant,
1520 2428 1572 2487 sed

270 2523 358 2585 illam
379 2525 564 2603 perimebant
585 2526 671 2585 etiam
695 2525 818 2585 amicam
841 2525 888 2584 dei
912 2524 1053 2593 animam,
1077 2541 1214 2601 sponsam
1237 2523 1302 2593 dei,
1324 2524 1396 2586 illud
1416 2526 1514 2586 nobile
1529 2528 1572 2587 in·

272 2629 409 2687 leronnn
431 2626 573 2705 spolium,
595 2625 674 2686 illam
696 2627 768 2686 tanti
791 2626 900 2687 laberis
920 2625 1105 2693 mercedem,
1128 2624 1199 2685 illud
1215 2627 1357 2704 sangnine
1372 2626 1478 2688 Christi
1494 2647 1572 2705 quae·

271 2729 365 2787 sitnm
387 2730 541 2805 praemium
563 2728 796 2807 pessundabant,
819 2727 1009 2797 occidebant,
1031 2726 1228 2787 ‹levorabantl
1250 2728 1357 2806 quibus
1379 2747 1432 2806 nos
1448 2730 1572 2790 vicissim

232 2846 339 2890 renen
361 2829 575 2900 invidebamus,
598 2830 665 2909 quia
688 2838 823 2908 potentes
846 2837 944 2899 erant,
967 2829 1018 2890 sed
1042 2829 1213 2899 oderamus,
1236 2830 1303 2908 quia
1325 2838 1473 2890 nocentes
1516 2831 1640 2891 Toron

271 2948 347 2990 vero
369 2949 500 2991 amorem
522 2932 752 3010 profundissime
774 2933 892 2992 insitum
915 2932 974 2990 iarn
997 2931 1229 2991 Christianorum
1256 2932 1375 2998 animis.
1410 2950 1475 3010 qliae
1502 2935 1572 2993 satis

271 3033 334 3091 erit
355 3031 502 3104 alacritas,
529 3033 696 3094 beatissime
720 3033 792 3102 Leo,
825 3040 857 3093 ut
878 3032 1085 3094 ostendamus?
1119 3031 1165 3091 Tu
1191 3031 1239 3092 ille
1261 3032 1342 3093 orbis
1369 3051 1467 3103 arnor,
1500 3033 1572 3094 illud

270 3120 396 3194 herbrani
419 3137 535 3213 generis
558 3134 711 3204 delicium,
734 3140 916 3194 restaurator
937 3134 1033 3212 pacis,
1062 3131 1207 3193 bellorum
1232 3135 1389 3205 extinctor,
1419 3142 1504 3194 autor
1525 3154 1571 3196 se·

269 3236 423 3306 curitatis,
447 3236 601 3299 turbarum
624 3236 758 3304 sedator,
781 3242 866 3313 pater
887 3235 1066 3304 studiorum,
1090 3236 1183 3295 lomes
1204 3234 1371 3305 literarum,
1394 3237 1575 3313 optimarum

226 3338 400 3409 martium,
423 3338 516 3400 felicis
537 3340 723 3418 ingeniorum
746 3335 842 3397 cultus
864 3344 1032 3415 reparator;
1057 3355 1115 3415 quo
1138 3337 1338 3416 descriptum
1361 3346 1406 3398 cst
1427 3356 1481 3416 per
1501 3358 1570 3417 pro·

269 3438 395 3517 phetam
418 3440 546 3500 ‘Orietur
568 3440 598 3498 in
621 3438 724 3499 diebus
747 3439 809 3499 eius
831 3438 938 3509 iustitia
962 3446 991 3497 et
1012 3438 1190 3499 abundantia
1218 3440 1317 3518 pacis'
1361 3439 1476 3510 Quanto
1503 3440 1631 3500 soti-§.e

270 3541 390 3601 dierern
413 3541 477 3602 haec
498 3541 615 3603 laudem
638 3540 890 3618 cornplertuntur,
926 3558 1013 3618 qrram
1043 3540 1090 3600 iha
1112 3560 1208 3618 imper
1231 3542 1267 3602 de
1290 3542 1350 3602 suis
1379 3541 1479 3610 bellis,
1511 3544 1571 3603 suis

268 3642 432 3720 triumphis
454 3644 608 3704 decantata
629 3641 722 3703 lulio?
751 3650 820 3701 sunt
842 3643 919 3702 enirn
941 3640 1097 3703 laudabilia
1121 3643 1266 3718 pontilicis
1287 3661 1393 3719 opera,
1423 3643 1471 3704 issa
1493 3646 1570 3704 lero-

270 3744 392 3804 cissima
415 3752 498 3805 erant
519 3745 635 3825 tyranni
657 3745 749 3804 lacta:
773 3742 884 3803 scilieet
906 3744 1036 3820 pontifex
1059 3762 1145 3804 nemo
1169 3745 1222 3804 luit
1244 3745 1293 3823 qui
1315 3743 1457 3804 secularia
1479 3745 1515 3804 ad
1538 3762 1571 3804 se

225 3861 367 3922 asregna
389 3845 655 3924 quomodocunque
678 3846 765 3905 etiarn
788 3845 947 3924 pertraxit3
978 3863 1032 3904 nee
1054 3845 1178 3905 vicarius
1200 3844 1307 3904 Christi
1329 3852 1379 3905 aut
1400 3845 1480 3904 Petri
1503 3864 1569 3906 snc-

270 3963 377 4005 eesser
397 3947 451 4006 luit
473 3948 604 4026 ‹pirisquis
626 3946 804 4025 piacularem
826 3945 1006 4006 Crirrstantini
1028 3946 1230 4016 donationem,
1254 3965 1318 4024 qna
1341 3964 1396 4005 nec
1418 3946 1492 4005 laeta
1516 3963 1569 4005 un·

269 4065 364 4126 quam
387 4055 432 4107 est
453 4066 507 4109 nec
527 4049 589 4109 lieri
606 4050 716 4126 potuit,
739 4049 878 4109 adseruit.
924 4047 1012 4107 Cuius
1027 4064 1082 4124 ego
1099 4046 1344 4125 improbationem
1359 4053 1471 4107 tantum
1486 4046 1630 4109 elieser-³³

270 4156 309 4210 ut
328 4151 448 4227 impiam
466 4157 580 4228 putem,
603 4156 635 4210 ut
650 4151 838 4211 vehementer
852 4149 1008 4227 pontitieiae
1024 4148 1155 4227 dignitati
1170 4149 1325 4210 detrahere
1340 4167 1391 4208 eos
1406 4149 1569 4209 existimem

269 4251 325 4329 qui
347 4250 423 4311 bane
447 4251 588 4329 probent;
611 4251 663 4312 tihi
686 4270 754 4312 vero
777 4252 976 4331 gratissimum
999 4252 1096 4313 iacere
1117 4270 1165 4311 rne
1188 4251 1332 4311 euntidanr
1354 4252 1404 4329 qui
1427 4251 1569 4312 reiectum

230 4368 371 4430 aonuper
393 4360 423 4414 et
444 4353 613 4414 damnatum
635 4353 691 4414 hac
713 4353 750 4414 de
772 4372 805 4414 re
829 4352 915 4414 Vallae
936 4351 1067 4413 libellum
1090 4351 1177 4413 veluti
1200 4372 1236 4413 ex
1257 4353 1388 4414 tenebris
1409 4354 1438 4412 in
1461 4351 1567 4423 lucem,

270 4453 310 4514 ab
333 4455 453 4516 interitu
475 4455 511 4516 ad
534 4456 620 4516 vitam
643 4474 787 4515 revocem.
833 4454 998 4540 Quinetiam
1020 4455 1116 4533 ipsum
1138 4454 1190 4514 tibi
1211 4454 1294 4515 illum
1321 4455 1441 4525 dedico,
1471 4464 1504 4516 ut
1525 4464 1627 4516 te-rar

271 4563 382 4616 statum
404 4558 442 4617 sit
463 4576 550 4636 qeram
572 4564 602 4618 tc
623 4557 761 4634 pontifice
783 4563 884 4617 renata
906 4554 1040 4616 libertate
1063 4575 1164 4617 rerum
1188 4557 1253 4616 dire
1280 4556 1418 4617 ¹heuerit
1431 4557 1569 4618 omnibus

270 4675 435 4736 rerumque
456 4658 596 4720 scribere.
634 4657 719 4728 Quod
743 4660 796 4719 etsi
818 4677 877 4717 non
900 4656 1045 4727 cleobium,
1069 4659 1139 4737 quin
1155 4657 1236 4718 ralde
1252 4576 1303 4717 tbi
1318 4658 1446 4735 placeat,
1470 4666 1567 4719 tamen

273 4757 323 4818 ubi
354 4758 412 4819 hoc
444 4758 562 4837 publico
588 4758 686 4837 aliquo
714 4760 881 4820 testimonio
909 4759 1103 4837 adprobatum
1132 4759 1185 4818 ahs
1213 4766 1242 4819 te
1269 4758 1455 4827 intellexero,
1489 4760 1566 4820 dabo

240 4876 409 4938 ceoperam,
432 4869 465 4921 ut
486 4880 564 4940 saepe
587 4859 694 4939 aliquid
715 4856 774 4922 tale
796 4862 951 4922 inveniam.
989 4861 1103 4921 interea
1127 4860 1259 4919 llhristus
1275 4859 1409 4937 Optimus
1425 4860 1634 4920 blaximustaav

271 4961 312 5021 sic
334 4960 447 5021 bonum
469 4969 513 5032 te,
536 4963 578 5022 sie
599 4980 701 5022 rerum
724 4963 891 5039 pontificem
915 4962 1000 5022 nohis
1022 4962 1070 5022 diu
1093 4960 1270 5021 ineolumem
1293 4969 1397 5021 servet.
1433 4960 1474 5020 Ex
1499 4979 1566 5021 arce

272 5060 479 5143 Steekelberg,
510 5062 608 5124 Galen.
639 5062 777 5125 Decemb.
806 5064 890 5124 Auno
919 5071 986 5143 pest
1019 5062 1205 5124 millesimum
1241 5071 1269 5123 et
1301 5064 1565 5143 quingentesinmm

271 5163 541 5243 decimoseptimo.

868 5269 965 5313 nnus.

269 5315 472 5329 ᾐ-

334 5384 347 5417 ²
376 5382 500 5450 tandem]
531 5384 671 5435 Tamdiu
697 5401 766 5436 corr.
782 5388 875 5431 ΜΗ.
970 5381 1168 5448 ⁶Hieromios]
1195 5382 1306 5432 x11.to.
1381 5382 1402 5414 ¹⁷
1420 5385 1565 5430 eruto.-

265 5466 345 5519 Lsns
362 5469 477 5519 Leonis.
495 5485 575 5533 marg.
592 5470 646 5517 Μ.
725 5468 744 5500 ²¹
765 5464 903 5535 prophet]
922 5466 1026 5516 Psalm.
1036 5468 1135 5518 LXXI.
1143 5468 1167 5517 7.

322 5637 458 5689 Ηππιιι
477 5637 545 5689 Oer.
565 5652 629 5689 vor..
648 5638 670 5687 1.
724 5608 727 5612 ὓ
1095 5608 1097 5612 ¹
1306 5637 1341 5695 ll
