3625 7050
267 1191 277 1264 l
290 1193 337 1264 60
368 1205 452 1258 Lxx.
466 1218 593 1256 nermo
603 1215 854 1254 recumbemus
867 1217 950 1253 aava.
960 1218 1058 1255 vacuae
1068 1216 1103 1253 nn
1114 1215 1321 1255 nonencottsr.
1330 1216 1389 1253 trs.
1397 1211 1488 1255 tnnc.
1497 1209 1560 1252 retr.

263 1378 340 1457 prob
362 1375 475 1436 Christe
497 1375 618 1453 poenitet
639 1373 679 1434 ibi
701 1374 845 1434 maiorum
868 1380 1053 1442 nostrorum,
1087 1374 1138 1452 qui
1159 1373 1202 1434 sic
1231 1372 1328 1434 obtusi
1357 1370 1494 1444 luerunt,
1529 1381 1563 1434 ut

266 1498 317 1541 eos
339 1476 451 1538 falleret
473 1477 568 1554 captio
591 1475 691 1552 pueris
712 1475 800 1535 ctiam
822 1476 941 1553 cognitu
963 1474 1069 1535 lacilis:
1092 1475 1144 1536 sed
1168 1494 1203 1536 eo
1226 1476 1329 1535 maiori
1344 1475 1426 1536 fraus
1440 1474 1561 1536 illorum

197 1582 334 1645 §.aeodio
356 1579 443 1657 digna
465 1585 523 1647 est,
556 1595 615 1655 qno
637 1576 767 1636 deterius
788 1575 973 1653 simplicitate
994 1576 1078 1637 abusi
1106 1584 1175 1637 sunt
1201 1584 1310 1636 nostra.
1354 1576 1449 1637 Tuam
1477 1595 1560 1645 vero,

264 1682 432 1744 beatissime
453 1679 529 1749 Leo,
565 1679 630 1757 quis
652 1678 721 1737 satis
743 1678 881 1738 admirari
902 1685 1000 1755 potest
1022 1677 1203 1747 felicitatem,
1240 1679 1270 1738 in
1292 1696 1350 1756 qno
1372 1679 1458 1738 istam
1487 1679 1562 1739 verti

266 1784 387 1861 contigit
407 1782 437 1841 in
459 1779 563 1840 melius
585 1780 755 1856 pontificum
778 1780 987 1840 mutationem?
1019 1779 1139 1839 babebit
1168 1781 1246 1840 euim
1274 1778 1411 1841 meliores
1440 1779 1478 1839 ab
1503 1779 1584 1839 noes

264 1893 399 1963 tempore
421 1883 574 1960 pontifices
596 1880 733 1950 ecclesia,
764 1881 900 1940 nisinen
924 1899 959 1940 ex
982 1881 1078 1940 animo
1100 1881 1225 1940 batista
1247 1881 1417 1958 promissio;
1447 1879 1502 1940 sed
1526 1898 1562 1940 ex

182 2028 189 2047 .
266 1989 363 2049 animo
385 1987 432 2054 ttt;
455 1992 544 2061 atque
565 1983 653 2061 igitur
675 1982 809 2060 quaedam
831 1989 875 2041 est
897 1982 960 2042 baec
982 1982 1086 2042 iniuria
1108 1989 1158 2042 tua
1180 1982 1217 2042 ab
1240 1983 1275 2041 iis
1290 1983 1340 2060 qui
1354 1980 1399 2042 rel
1414 1980 1562 2050 dubitant,

266 2096 368 2150 contra
390 2084 641 2164 impudentissime
663 2084 789 2144 effictam
804 2082 984 2143 Constantini
1007 2082 1194 2144 donationem
1216 2083 1378 2144 scribentes
1392 2101 1431 2143 an
1445 2082 1564 2144 laturus

267 2191 322 2250 sis:
345 2190 374 2249 in
396 2186 461 2247 illos
483 2204 550 2245 rere
573 2184 736 2246 detestandi
757 2183 877 2246 sceleris
899 2192 1114 2245 commentores
1136 2186 1288 2263 pontifices
1310 2185 1407 2245 omnia
1429 2183 1563 2244 acerbis·

198 2307 256 2356 eae.
267 2292 340 2352 sima
363 2289 438 2349 dicta
461 2288 617 2365 omniaque
631 2287 811 2346 ferocissima
827 2288 902 2346 lacta
918 2288 1102 2350 conveniunt.
1140 2287 1256 2365 quidni,
1277 2287 1308 2345 in
1323 2283 1561 2363 depeculantes,
1575 2300 1598 2341 re

267 2393 296 2452 in
319 2392 413 2459 tures,
436 2390 466 2449 in
487 2396 642 2468 tyrannos,
664 2389 696 2447 in
717 2387 864 2448 latrones?
885 2389 952 2467 quis
973 2387 1226 2449 violentiorenim
1248 2386 1322 2447 latro
1345 2395 1390 2448 est
1404 2405 1496 2466 quam
1512 2388 1565 2465 qui

266 2494 305 2552 ita
327 2491 416 2568 rapit,
450 2497 483 2551 ut
503 2489 635 2568 rapiendi
656 2489 777 2562 modum
799 2489 913 2550 nullum
942 2490 1067 2550 statuat?
1100 2489 1132 2549 bi
1158 2478 1276 2550 luermrt
1303 2490 1353 2568 qui
1379 2491 1412 2549 in
1437 2490 1565 2550 ininimo

266 2600 384 2671 arrepta
407 2592 562 2652 occasione
584 2591 619 2651 ad
642 2592 817 2651 immensum
839 2592 990 2670 progressi
1012 2599 1080 2653 sunt
1102 2591 1256 2669 diripiendi
1271 2590 1402 2662 licentia,
1425 2591 1479 2667 qui
1495 2607 1564 2668 gra·

266 2697 321 2755 tias
342 2712 448 2755 venum
471 2686 688 2771 exp'osnerunt,
720 2694 771 2771 qui
793 2693 1036 2763 condonationes,
1070 2694 1120 2771 qui
1142 2673 1372 2770 dispensationes
1400 2699 1430 2753 et
1456 2692 1566 2752 infiniti

266 2797 382 2875 generis
404 2794 499 2855 bullas
521 2795 570 2872 qui
592 2794 787 2855 vendiderunt
808 2800 889 2854 tanto
911 2795 969 2856 iam
990 2803 1142 2873 tempore;
1174 2795 1224 2873 qui
1245 2795 1276 2854 in
1298 2802 1492 2873 peccatorum
1513 2809 1601 2854 rte-rs

266 2897 404 2957 missione
426 2897 559 2973 precium
581 2902 761 2966 statuerunt,
785 2902 814 2957 et
834 2897 864 2956 in
885 2899 978 2973 poenis
992 2897 1154 2958 interorum
1169 2897 1343 2957 invenerunt
1356 2894 1412 2955 sibi
1426 2893 1566 2963 luctuum

267 2999 317 3076 qui
346 2997 508 3058 sacerdotia
536 2997 598 3066 bic,
630 2996 844 3078 eleemosynam
874 3005 1031 3076 parentum
1053 2981 1237 3068 nostrorum,
1273 2998 1351 3076 passi
1377 2995 1509 3057 suntab
1531 3015 1568 3057 se

267 3099 408 3167 mereari;
442 3099 491 3177 qui
515 3098 669 3159 Germanis
697 3106 907 3176 persuaserunt
934 3101 1088 3177 episcopos
1115 3117 1174 3159 non
1202 3117 1267 3160 esse
1287 3101 1337 3178 qui
1359 3097 1396 3159 ab
1418 3117 1452 3158 se
1475 3097 1568 3177 pallia

268 3218 326 3259 non
350 3199 475 3260 emerint
496 3199 595 3259 multis
617 3218 775 3260 aureorum
797 3199 931 3269 milibus;
954 3201 1005 3280 qui
1027 3202 1155 3261 contenti
1176 3219 1236 3261 non
1259 3208 1327 3261 sunt
1343 3201 1464 3278 exigere
1480 3206 1568 3261 extra

268 3297 402 3361 ordinem
425 3302 580 3379 quotannis
607 3301 712 3372 semel,
740 3302 792 3364 sed
819 3301 974 3362 mittebant
1000 3304 1115 3381 quoties
1142 3303 1173 3362 in
1199 3309 1328 3363 mentem
1355 3302 1487 3363 venisset
1512 3301 1606 3379 quia

269 3401 440 3480 colligerent
467 3401 531 3462 aliis
558 3401 604 3463 alii
633 3403 670 3464 de
697 3405 807 3474 causis,
840 3403 975 3465 nonnulli
1001 3406 1084 3482 quasi
1111 3402 1221 3464 bellum
1255 3403 1422 3483 apparatnri
1458 3409 1569 3462 contra

268 3504 396 3575 Tiucas‘,
427 3503 474 3566 alii
496 3511 528 3566 ut
550 3504 707 3583 templum,
736 3506 815 3584 qnod
838 3506 939 3584 perlici
962 3525 1020 3566 non
1043 3513 1161 3575 curant,
1189 3505 1289 3566 Romae
1311 3506 1376 3565 diro
1397 3502 1491 3564 Petro
1513 3521 1568 3564 ex·

267 3614 383 3676 trnaut;
412 3607 552 3685 quicum
575 3607 637 3667 baec
660 3609 756 3667 onmia
780 3609 925 3677 lacerent,
955 3615 1052 3669 tamen
1073 3608 1192 3670 salutari
1214 3626 1246 3668 se
1269 3607 1353 3685 rnlgo
1375 3606 1570 3667 beatissimos

269 3716 298 3769 et
320 3708 518 3769 sanctissimos
541 3707 688 3778 volebant,
711 3728 767 3769 neo
789 3707 897 3787 aliquid
913 3710 942 3769 in
957 3727 1027 3770 suos
1042 3729 1140 3771 mores
1155 3709 1211 3769 dici
1227 3708 1426 3786 patiebantur,
1452 3706 1569 3767 nedum

199 3831 258 3881 §.aa
268 3812 342 3871 lieri.
387 3810 417 3870 Si
439 3811 504 3889 quis
527 3827 595 3870 vero
616 3809 759 3871 libertatis
781 3811 962 3871 meminisset
982 3818 1032 3872 aut
1053 3814 1078 3871 si
1093 3812 1158 3890 quis
1173 3810 1353 3889 rapientibus
1367 3808 1606 3887 impedimen-2⁵

267 3918 346 3982 tum,
369 3920 420 3972 aut
434 3929 548 3972 moram
564 3913 588 3970 si
610 3914 675 3989 quis
697 3913 816 3971 omuino
839 3912 1008 3984 obiecisset,
1031 3914 1061 3974 in
1084 3916 1146 3975 eius
1168 3912 1324 3974 seviebant
1344 3912 1475 3971 animam
1496 3927 1571 3988 per·

268 4014 370 4074 dentes
385 4020 525 4075 actutum.
567 4012 618 4072 llis
632 4011 740 4073 talibus
754 4014 813 4073 iam
828 4014 998 4075 lusatiandis
1012 4014 1190 4086 latronibus,
1213 4022 1273 4076 tam
1288 4012 1450 4076 iumritibus
1464 4020 1570 4092 tyran·

268 4118 328 4186 nis,
351 4134 449 4177 nonne
470 4115 623 4175 inimicum
643 4114 697 4174 tibi
719 4115 801 4175 ralde
823 4123 925 4193 lautas,
948 4117 973 4176 si
995 4119 1060 4195 quis
1080 4125 1109 4178 te
1123 4119 1247 4187 inserat,
1270 4117 1330 4177 Leo
1345 4115 1491 4177 maxime?
1515 4122 1570 4175 aut

267 4235 327 4276 non
349 4217 458 4293 optime
481 4215 517 4276 de
540 4222 616 4277 statu
639 4217 787 4292 pontificio
815 4219 939 4278 meritus
966 4219 1079 4280 ridetur
1107 4221 1156 4298 qni
1184 4227 1215 4279 te
1242 4237 1346 4298 magna
1375 4235 1462 4284 voce.
1497 4216 1571 4294 quia

268 4317 338 4377 nibil
362 4335 428 4378 eum
451 4316 507 4376 illis
530 4335 686 4377 commune
708 4318 831 4389 babeas,
856 4320 1010 4398 predicet,
1034 4319 1090 4380 illis
1113 4329 1214 4381 contra
1237 4321 1334 4380 omnia
1355 4318 1425 4398 quae'
1444 4317 1483 4377 ad
1499 4331 1603 4378 suc-³·

269 4420 431 4479 cessionem
447 4418 525 4479 Petri
548 4418 686 4487 attinent,
710 4420 863 4481 detrabat?
886 4422 930 4482 vel
946 4440 1004 4480 iton
1019 4422 1176 4484 benedices
1191 4421 1247 4491 illi,
1270 4422 1349 4501 pacis
1370 4425 1576 4489 restaurator:

200 4541 258 4591 §.ae
268 4521 319 4599 qui
345 4519 390 4579 lais
417 4518 600 4580 maledixerit
627 4520 772 4581 bellorum
802 4531 830 4583 et
860 4523 1036 4585 seditionum
1063 4524 1232 4586 autoribus?
1264 4522 1400 4593 Quinimo
1430 4529 1461 4582 te
1488 4522 1569 4589 nom,

269 4623 426 4684 maledices
449 4623 494 4683 bis
515 4623 596 4699 ipse,
619 4624 702 4682 utin
725 4623 887 4702 eptemlibot
910 4643 1013 4685 eorum
1032 4613 1188 4686 ¹conveniat
1203 4625 1409 4704 propheticum
1426 4622 1486 4683 boc
1509 4622 1568 4682 bt·

267 4724 337 4785 lexit
358 4724 593 4786 maledictionem
616 4732 645 4786 et
667 4727 745 4786 venit
767 4727 811 4794 ei,
836 4725 931 4793 noluit
951 4726 1188 4789 benedictionem
1211 4735 1239 4789 et
1255 4725 1442 4805 elongabitur
1456 4723 1495 4784 ab
1512 4721 1566 4784 eo’.

268 4827 317 4888 Sic
339 4827 541 4888 maledicendo
564 4827 729 4905 perdebant
750 4827 791 4888 illi
813 4830 891 4889 enim
915 4830 1026 4889 animas
1049 4829 1218 4898 bominum,
1241 4830 1323 4908 quasi
1339 4844 1399 4887 nou
1414 4832 1496 4886 esset
1509 4824 1597 4884 dms

269 4930 357 4989 elrara
380 4929 442 4989 baec
465 4931 619 5006 possessio.
665 4948 736 5009 ergo
760 4948 820 4990 non
848 4931 967 4991 luerunt
994 4937 1143 5009 pastoreS,
1177 4933 1244 5010 qnia
1273 4949 1332 4989 non
1361 4925 1565 4988 custodiebant

268 5032 392 5099 animas,
416 5030 468 5090 sed
491 5031 668 5108 perdebant,
699 5040 727 5092 et
750 5031 1000 5093 circumeuntibus
1029 5032 1207 5093 dominicum
1236 5050 1358 5110 gregem
1386 5030 1465 5108 lupis
1494 5028 1564 5088 obii·

268 5131 513 5192 ciebant‘Cbristi
536 5149 619 5195 ores:
653 5152 712 5194 non
742 5141 875 5212 pastores
902 5135 1023 5194 luerunt
1051 5134 1107 5204 illi,
1142 5137 1276 5215 inquam,
1309 5133 1363 5193 sed
1392 5131 1473 5211 lupi;
1506 5145 1562 5190 noo

269 5267 472 5278 -ο-

336 5351 357 5385 ¹²
375 5351 504 5402 llirende
521 5354 568 5403 bic
587 5357 760 5404 enarrantur.
778 5358 932 5418 mergam.
1011 5352 1033 5385 ¹⁷
1050 5354 1247 5405 eleemosinam
1267 5356 1293 5402 6.
1363 5351 1385 5386 ”
1402 5352 1527 5403 millibus
1537 5350 1560 5397 Ι.

269 5433 291 5470 ὓ
309 5436 414 5488 Contra
425 5438 529 5488 Leonis
542 5439 697 5488 orationem
709 5437 745 5487 cd
757 5440 907 5505 principes.
920 5442 1065 5503 morpdd.
1117 5440 1140 5473 ³³
1157 5435 1294 5505 prophet]
1308 5436 1412 5489 Psalm.
1424 5437 1560 5488 GVffitt·

269 5518 292 5551 ³⁵
309 5523 389 5586 quasi
406 5522 458 5572 deo
476 5534 531 5571 non
549 5528 623 5573 esset
642 5523 728 5572 charo
745 5526 794 5571 MS.
810 5531 838 5569 A.
894 5559 898 5566 ,
