3625 7050
249 1171 322 1244 312
359 1185 439 1238 CXL.
459 1200 542 1237 creora
554 1200 591 1237 uo
605 1201 725 1238 nvrusn.
739 1200 782 1236 ur.
806 1184 903 1236 CXLI.
916 1200 1020 1237 sessim
1033 1200 1070 1236 ao
1082 1201 1146 1238 sos.
1160 1201 1240 1238 usos.
1252 1202 1296 1237 sr.
1310 1202 1336 1237 ι).
1350 1192 1389 1236 tt.
1403 1201 1469 1238 ocr.
1483 1191 1548 1237 itte.

247 1370 306 1418 tum
326 1361 353 1416 in
376 1367 403 1417 te
422 1359 525 1417 vultum
547 1377 626 1417 suum
648 1367 788 1418 convertet
803 1359 958 1421 Germania,
979 1367 1037 1416 turn
1057 1358 1170 1416 verbum
1186 1359 1230 1416 dei
1253 1359 1302 1416 abs
1327 1368 1354 1417 te
1375 1376 1440 1417 cum
1463 1359 1549 1418 admi·

179 1457 238 1509 §.tt
250 1447 359 1504 racione
387 1446 485 1502 audiat.
530 1444 581 1501 Sed
608 1463 658 1519 per
686 1453 758 1501 tuam
787 1445 1021 1502 mansuetudinem
1048 1454 1075 1501 te
1103 1462 1173 1520 rogo
1201 1463 1235 1502 ue
1260 1454 1325 1520 post
1345 1445 1498 1503 descendas
1519 1446 1547 1501 in

246 1548 354 1588 arenam
375 1530 570 1604 disputacionis
596 1529 725 1604 publicae,
750 1531 902 1604 praesertim
924 1539 1020 1587 contra
1037 1531 1211 1587 temerarios:
1235 1532 1359 1587 nescisne
1376 1531 1451 1605 quod
1468 1530 1546 1605 pueri

247 1615 323 1672 aiunt
346 1614 453 1672 ‘Contra
475 1615 619 1671 verbosum
644 1613 700 1670 nali
726 1615 890 1671 contendere
921 1614 1034 1672 verbis’?
1067 1615 1175 1690 disputa
1202 1616 1272 1672 intra
1302 1625 1381 1672 tuum
1407 1625 1545 1672 monaste·

248 1699 334 1764 rium,
359 1699 476 1763 calamo,
508 1699 612 1774 quiete;
647 1699 815 1756 exactissima
845 1699 961 1755 haltetur
988 1700 1140 1774 disputacio
1167 1718 1227 1774 quac
1252 1701 1355 1757 chartis
1385 1700 1562 1761 mandatus

250 1802 311 1859 quae
332 1784 421 1841 verbis
442 1783 516 1841 ultro
538 1784 663 1858 citroque
685 1784 785 1845 lertur.
812 1792 886 1840 caret
912 1784 1012 1841 iudicio
1041 1793 1069 1841 ct
1097 1803 1169 1859 saepe
1197 1785 1316 1842 animum
1339 1785 1539 1859 disputantisa

76 1943 78 1948 γ
180 1879 238 1931 §.rc
250 1887 313 1926 vero
333 1868 489 1944 perturbat,
511 1886 544 1926 ue
565 1869 674 1925 interim
692 1868 779 1924 dicam
799 1877 878 1941 turpe
897 1886 957 1925 esse
980 1869 1121 1943 Theologo
1140 1871 1173 1926 ad
1195 1870 1283 1944 iurgia
1300 1870 1474 1926 descendere.
1509 1868 1538 1923 tt

177 1957 225 2021 sot.
234 1956 286 2008 14¹.
304 1946 311 2034 Ι
326 1954 444 2030 primurn
457 1953 600 2011 constabat
616 1953 694 2009 nobis
709 1953 767 2009 dies
782 1953 980 2016 contentionis,
1006 1952 1011 2026 Ι
1036 1953 1176 2028 displicuit
1196 1955 1358 2013 consilium:
1382 1954 1459 2009 novit
1472 1953 1535 2009 enin

250 2039 370 2097 Bononia
393 2055 482 2095 mores
503 2037 648 2100 Eelaianos,
669 2038 745 2094 novit
763 2047 790 2093 et
808 2036 923 2093 Wicnna
943 2038 1025 2101 bene,
1053 2047 1143 2096 tamen
1164 2040 1247 2096 cessit
1268 2057 1320 2114 pro
1343 2038 1439 2098 uobis.
1467 2038 1534 2104 testi·

181 2124 302 2188 §.asbus
323 2122 448 2199 epistolis
474 2123 568 2196 Langii
590 2131 617 2178 et
639 2122 842 2178 blelanclrtonis.
887 2122 950 2179 Vale
973 2132 1002 2179 et
1025 2141 1066 2179 me
1089 2141 1162 2187 ama,
1185 2142 1238 2197 ego
1260 2134 1287 2180 te
1306 2141 1399 2180 amare
1420 2140 1474 2179 non
1493 2123 1553 2179 dett

252 2210 347 2265 sinam.
392 2209 522 2264 honorem
550 2217 626 2263 tuum
655 2216 785 2280 quantum
815 2207 874 2264 eius
903 2215 962 2263 tuto
991 2208 1049 2265 fieri
1076 2218 1182 2283 potest,
1214 2210 1259 2266 bic
1280 2208 1388 2265 tuebor.
1431 2208 1526 2280 Ignosce

251 2292 493 2367 extemporalitati,
521 2292 602 2348 malui
630 2301 717 2349 tecum
745 2292 859 2348 verbose
883 2300 912 2348 ct
934 2292 992 2349 sine
1011 2310 1076 2350 cura
1098 2293 1218 2350 scribere
1238 2311 1319 2368 quarn
1339 2301 1462 2349 accurate
1479 2291 1524 2347 bre-

249 2395 309 2435 vem
339 2385 483 2435 contexere
514 2376 667 2453 epistolam.
717 2377 765 2433 Vix
799 2376 876 2433 licuit
909 2378 1038 2435 revidere.
1088 2378 1217 2435 Bononiae
1248 2378 1324 2435 xvtt.
1354 2365 1401 2435 tt‘s
1431 2377 1522 2433 Noven-

221 2454 225 2459 ’
250 2462 307 2520 bris
328 2462 429 2518 ttbxttt
1191 2463 1290 2521 Gratus
1311 2463 1455 2520 liubianus.

418 2573 630 2644 [Superscriptio
649 2593 665 2627 a
682 2577 753 2628 nobis
767 2593 830 2642 pap.
845 2578 907 2628 307.
927 2578 964 2627 ad
979 2579 1096 2640 epr‘stutoe
1112 2584 1190 2642 caput
1205 2583 1294 2643 posita
1310 2574 1371 2644 estl.
1524 2583 1539 2622 ¹⁵

268 2962 395 2999 nonan.
791 2930 1009 3007 CXXXXI.

251 3015 419 3026 ¹—-
1321 3011 1513 3030 ,αι-..ρ’

538 3084 689 3163 umsuvs
711 3107 786 3164 nor.
810 3106 939 3164 roenna
962 3105 1067 3163 nesso
1090 3104 1152 3163 svo
1180 3104 1206 3161 s.
1228 3105 1257 3161 n.

337 3241 391 3298 larn
421 3240 575 3297 arbitrabar
601 3242 666 3298 mihi
694 3243 781 3318 probe
810 3244 950 3316 cognitam
979 3235 1162 3304 Germaniam,
1194 3249 1222 3298 et
1249 3242 1379 3316 quicquid
1403 3247 1467 3297 esset
1488 3234 1516 3288 it·

253 3327 371 3402 signium
394 3326 582 3400 ingeniorum,
617 3328 843 3401 pervestigatum:
879 3326 1035 3384 adarnabam
1059 3327 1197 3400 ingenium
1220 3327 1294 3383 Beati
1316 3326 1445 3388 Rhodani,
1471 3333 1516 3376 cto

253 3412 378 3470 sculabar
411 3411 529 3469 indolem
557 3411 675 3486 Philippi
702 3412 933 3474 blelanclrtbonis‚
975 3410 1156 3485 suspiciebam
1188 3411 1335 3485 Capnionis
1371 3411 1540 3467 maiestatem

253 3498 379 3573 capiebar
401 3496 512 3553 Hutteni
535 3496 654 3560 deliciis,
684 3505 712 3553 ct
738 3514 800 3555 ecce
828 3498 861 3554 de
892 3505 1005 3572 repente
1027 3496 1128 3553 Hessus
1151 3497 1224 3571 quod
1246 3495 1362 3553 antebac
1384 3497 1409 3552 in
1429 3485 1516 3565 singolis

254 3583 295 3639 vel
318 3582 439 3640 amabam
463 3581 503 3637 vel
526 3582 656 3645 mirabar.
690 3600 760 3639 unus
782 3583 939 3639 universum
961 3582 1097 3639 exhibuit:
1132 3582 1196 3655 quid
1224 3583 1296 3638 enim
1324 3581 1396 3637 aliud
1416 3571 1517 3635 nentes

255 3678 308 3725 tuas
336 3685 417 3741 quam
450 3667 633 3723 Christianum
655 3668 776 3724 Ovidium
805 3668 946 3725 referunt?
974 3668 1017 3724 cni
1040 3666 1081 3723 rel
1104 3668 1131 3722 in
1154 3667 1279 3723 oratione
1302 3666 1393 3722 soluta
1412 3654 1517 3728 contari

255 3771 286 3810 ea
308 3752 437 3814 facilitas,
461 3769 522 3825 quae
545 3751 593 3807 tibi
616 3752 642 3807 in
666 3754 739 3808 omni
760 3753 887 3810 carminis
912 3753 1031 3825 genere?
1054 3750 1242 3825 Eloquentiam
1260 3760 1351 3824 aequat
1367 3745 1517 3807 eratineo

255 3845 402 3911 utrumque
423 3837 535 3893 decorat
556 3837 715 3897 Christiana,
730 3838 825 3912 pietas.
848 3838 900 3893 iarn
924 3836 951 3892 iu
975 3837 1099 3892 oratione
1122 3854 1202 3910 prosa
1226 3836 1290 3892 talis
1319 3854 1363 3898 cs,
1392 3842 1421 3890 ut
1440 3831 1539 3889 alicnusts

255 3923 410 3979 acarmine
439 3922 523 3978 videri
551 3922 650 3996 possis.
694 3922 715 3977 0
744 3938 837 3977 venam
866 3921 969 3994 ingenii
997 3938 1059 3977 vere
1087 3922 1211 3977 auream!
1241 3921 1295 3977 Nec
1323 3939 1338 3975 a
1367 3918 1428 3975 stilo
1453 3923 1517 3971 tutor?s

256 4007 419 4068 abhorrent,
449 4005 547 4079 quibus
577 4006 643 4061 nibil
671 4007 826 4068 candidius,
856 4005 923 4061 nihil
952 4004 1114 4079 simplicius,
1142 4004 1210 4061 nibil
1237 4013 1332 4079 potest
1361 4021 1420 4061 csse
1440 3998 1515 4077 pontt

257 4092 325 4147 Rara
352 4092 423 4152 avis,
452 4091 547 4146 exinria
574 4092 697 4147 doctrina
721 4091 779 4147 sine
802 4089 958 4164 supercilio.
990 4130 1356 4145 ................
1385 4089 1449 4144 Bene
1470 4076 1516 4134 ult

257 4175 407 4232 Germaniae
430 4184 533 4231 nostrae
555 4174 596 4231 vel
619 4176 788 4250 praecipuum
809 4176 900 4232 decus.
945 4174 1054 4231 Lovanii
1074 4175 1136 4229 XIV.
1152 4174 1259 4231 calend.
1273 4160 1515 4231 novemntttttll·

258 4339 405 4391 cxxxxr.
437 4322 1338 4406 1=urasmrcpp<1narcumraogr.desepelierunt.
1410 4321 1516 4385 2=utt

691 4424 756 4486 53‚5.
777 4425 828 4476 col.
841 4424 900 4475 513.
914 4440 1115 4475 mccccmvt.

325 4590 531 4644 ⁵exactissime
544 4597 571 4644 2.
613 4593 727 4662 chartis]
746 4596 844 4645 mortis
857 4598 883 4644 2.
925 4593 1026 4644 ⁸ultro
1044 4596 1114 4646 omis.
1127 4597 1153 4643 2.
1194 4578 1513 4658 tprtmum1prsmiun2·

259 4676 416 4744 constabat]
437 4684 560 4742 constet,
581 4685 611 4731 ot
622 4684 649 4730 2.
704 4685 732 4730 et
750 4680 896 4731 consilium
909 4682 936 4728 2.
988 4676 1123 4728 ⁹Eclcius
1142 4682 1171 4728 et
1182 4678 1317 4728 Bononiae
1336 4684 1364 4726 et
1382 4668 1513 4724 vtntoborr

258 4766 369 4830 publice
382 4765 416 4815 de
429 4766 520 4815 usuris
531 4766 733 4831 disputaverat.
786 4764 827 4798 ΜΟ
839 4764 959 4815 testibus
972 4762 1102 4827 expertis,
1122 4763 1155 4812 L.
1168 4764 1195 4810 2.
1249 4760 1271 4793 ¹⁰
1287 4746 1517 4811 Melanchthouitb'

258 4848 278 4882 ¹¹
298 4850 358 4900 eius'
376 4853 446 4900 emb.
459 4853 486 4900 2.
540 4848 561 4881 ¹¹
579 4850 673 4901 malim
685 4853 711 4900 2.
765 4848 786 4881 ¹⁸
804 4866 862 4901 xv1.
877 4848 992 4899 Calend.
1006 4850 1032 4897 2.

326 4933 347 4967 ¹⁸
365 4936 447 4985 Hanc
472 4934 618 4999 epistolem
642 4936 762 4986 sortasse
786 4936 910 5000 respexit
933 4933 1077 4994 Eobanus‚
1105 4930 1155 4981 sed
1177 4930 1269 4996 magis
1291 4935 1356 4995 puto
1379 4920 1512 5007 ursaniae

258 5020 382 5069 Hutteno
401 5021 429 5069 in
448 5024 541 5070 onnot.
563 5020 597 5070 ed
615 5020 648 5071 N.
660 5021 692 5070 T.
711 5020 835 5070 dicatam
852 5018 963 5069 laudem
982 5016 1076 5081 (supra
1092 5031 1120 5069 n.
1132 5015 1249 5065 XXXII.
1262 5011 1422 5079 repetitam),
1438 5007 1512 5056 cunm

259 5104 406 5169 Hodoepor.
424 5104 558 5170 Erphord.
576 5103 648 5155 1519.
668 5104 819 5156 scriberet:

495 5189 637 5239 Praetereu
655 5191 808 5239 Huttenum
826 5189 886 5252 quis
905 5187 962 5237 iem
980 5202 1035 5236 non
1053 5186 1143 5245 novit,
1162 5185 1279 5234 Erosmo

495 5274 661 5324 Laudatum.
693 5287 745 5338 qno
763 5272 872 5322 leudori
892 5269 941 5335 (sit
958 5271 1051 5336 gratio
1070 5268 1146 5332 ficto)

494 5357 620 5424 Iuppiter
637 5373 683 5408 ore
701 5356 778 5407 velit.

595 5441 639 5492 Ct‘.
658 5440 832 5491 Burckhardi
851 5441 907 5492 vit.
926 5437 1006 5489 Hutt.
1025 5437 1077 5488 111.
1096 5454 1124 5503 p.
1136 5452 1215 5487 xm.
