3625 7050
251 1202 325 1278 318
407 1217 556 1269 CXLVIII.
575 1232 781 1270 riscnnnrnnnr
794 1232 831 1269 sn
844 1231 960 1268 menon.
974 1231 1105 1268 nuenarii
1118 1231 1161 1269 rr.
1176 1233 1202 1269 n.
1216 1233 1243 1269 s.
1257 1226 1318 1269 teta.
1332 1232 1356 1269 s.
1371 1227 1430 1268 teto.

250 1403 278 1452 et
301 1394 430 1481 inclytum
451 1392 577 1470 comitem
598 1391 631 1447 de
652 1391 789 1453 Neuenar,
818 1390 938 1448 nobilem
960 1408 990 1447 ac
1011 1390 1198 1448 doctissimum
1220 1392 1385 1456 lluttenum,
1412 1410 1456 1448 me
1478 1411 1606 1467 quo,

251 1497 303 1552 que
326 1497 356 1533 ao
374 1467 472 1533 ornnes
494 1476 611 1549 deniqne
633 1476 720 1532 Itonos
739 1485 767 1531 ct
789 1476 913 1531 eruditos
935 1476 1119 1569 spurcissimis
1140 1477 1297 1533 debacchati
1321 1487 1386 1534 sunt
1409 1478 1592 1558 corrritr'is

250 1564 352 1636 alrsqne
374 1561 506 1633 singulari
528 1561 633 1616 dicendi
656 1561 761 1615 ratione
779 1561 846 1616 adeo
867 1560 1012 1622 delirasse,
1036 1562 1164 1633 quoniam
1187 1580 1293 1618 saernrn
1316 1562 1383 1618 illud
1399 1562 1584 1655 capnion„

251 1657 279 1703 ct
303 1663 441 1719 nunquam
468 1646 534 1700 satis
563 1644 699 1701 laudatum
725 1655 807 1719 caput
836 1646 939 1700 nostris
965 1644 1141 1700 extulerimus
1162 1648 1320 1718 praeconiis:
1352 1648 1572 1720 graecissarum

250 1733 323 1787 enim
341 1730 465 1786 homines
485 1747 592 1791 suares,
623 1736 720 1803 utpote
747 1730 793 1802 qui
818 1729 925 1785 assidue
952 1738 1166 1802 pergraecantur.
1211 1731 1345 1788 Caeterum
1374 1731 1399 1785 id
1429 1731 1574 1816 forsitans

251 1817 349 1872 mirum
371 1814 454 1870 rideri
476 1822 582 1888 potest,
607 1831 661 1887 quo
682 1822 761 1886 pacto
780 1813 812 1868 ad
832 1822 885 1869 tam
901 1814 1044 1890 profundae
1062 1815 1182 1870 scientie
1197 1816 1387 1887 cognitionem
1402 1822 1583 1903 pervenire

252 1900 401 1974 quiveriut,
432 1916 493 1954 cum
522 1915 576 1953 non
604 1897 693 1953 solum
714 1897 867 1954 Graecarum
889 1898 1029 1953 literarum
1051 1899 1106 1954 sint
1128 1907 1267 1972 expertes
1296 1901 1344 1955 sod
1364 1899 1398 1956 ab
1419 1889 1583 1958 omnibus

252 1984 330 2040 ltoms
358 1982 508 2055 disciplinis
536 1982 645 2057 penitus
670 1981 765 2037 alieni:
804 1999 915 2037 necesse
939 1982 1043 2055 itaque,
1074 1991 1102 2038 ut
1125 1992 1229 2039 tantum
1250 1983 1388 2041 bonorum
1408 1984 1530 2042 cumulum

252 2087 266 2124 a
295 2067 423 2142 quopiam
452 2066 605 2122 Graecarum
631 2083 717 2140 gnaro
746 2064 811 2122 olim
842 2066 995 2139 acceperint
1021 2075 1049 2122 ct
1075 2075 1202 2140 tanquam
1228 2078 1303 2123 reste
1335 2069 1425 2142 ignem
1451 2077 1524 2124 custo

251 2153 351 2208 dierint
373 2151 520 2215 illibatum;
551 2150 653 2223 alioqui
682 2168 819 2223 nunquam
843 2159 898 2205 tam
924 2160 1015 2207 exacte
1038 2151 1192 2207 admiranda
1219 2150 1265 2207 illa
1292 2161 1428 2227 praecepta
1449 2153 1542 2207 eonii-tt

252 2237 344 2293 tiando
367 2236 510 2291 observare
532 2235 695 2309 potuissent.
728 2234 765 2291 Ne
787 2235 872 2307 igitur
890 2253 935 2290 ars
958 2244 1012 2291 tam
1030 2233 1160 2308 praeclara
1178 2236 1280 2293 diutins
1296 2237 1324 2292 in
1340 2237 1438 2293 Graecis
1451 2235 1515 2290 literis

252 2320 358 2395 sepulta
379 2319 489 2380 lateret,
512 2327 559 2374 aut
582 2336 640 2374 earn
663 2319 882 2394 praestantissimi
906 2318 946 2374 illi
969 2319 1093 2375 homines
1115 2328 1243 2394 tanquam
1266 2320 1343 2377 llidae
1362 2321 1460 2377 divitias
1476 2318 1513 2373 soli

252 2405 438 2479 possiderent,
463 2403 536 2459 illam
559 2403 620 2458 inde
639 2420 735 2459 eruero
757 2411 785 2459 et
804 2403 906 2458 Latinis
929 2421 1038 2476 quoque
1061 2404 1171 2460 auribus
1178 2406 1338 2479 impertire
1358 2405 1449 2462 statui:
1473 2419 1511 2457 nor

252 2498 287 2545 ut·
301 2489 420 2563 optimus
444 2487 558 2561 quisquc
581 2486 701 2558 (illorum
723 2487 819 2559 instar)
840 2488 945 2543 dicendi
967 2505 1088 2543 normam
1111 2488 1172 2544 inde
1192 2499 1329 2550 sumeret,
1353 2491 1399 2546 sed
1413 2505 1459 2564 quo
1474 2494 1510 2541 tan

251 2583 403 2633 venustam,
435 2572 551 2645 lepidam
578 2581 606 2627 ct
632 2572 774 2627 iucundam
799 2572 912 2627 Veneris
939 2580 967 2627 et
995 2571 1148 2628 Gratiarum
1179 2574 1306 2630 Ioeturam
1334 2575 1472 2631 discernere
1488 2576 1532 2623 teli

251 2658 429 2714 discernendo
447 2664 520 2712 recte
534 2656 619 2711 vitare
634 2664 737 2731 posset
773 2675 792 2727 η
810 2645 867 2730 γὰρ
890 2643 966 2728 αὐτὴ
989 2644 1115 2729 δυναμις
1136 2654 1197 2712 τῶν
1219 2646 1395 2714 ἐναντίων’
1379 2676 1397 2729 η
1413 2651 1508 2712 ἐναντία.

251 2751 280 2800 et
300 2742 346 2798 ille
366 2741 452 2816 probe
473 2740 543 2796 bona
563 2739 641 2814 eligit
663 2741 709 2813 qui
731 2741 799 2797 mala
826 2741 878 2796 rite
904 2742 998 2813 sugere
1018 2741 1109 2804 novit;
1132 2760 1286 2816 quanquam
1308 2742 1459 2800 sanctissimi
1474 2737 1509 2791 titi

252 2844 307 2882 non
330 2825 432 2898 iudigni
454 2833 546 2881 essent
569 2826 614 2898 qui
637 2827 704 2881 artis
725 2826 805 2881 liuius
826 2826 955 2899 praesidio
984 2825 1046 2881 talia
1074 2827 1199 2883 audirent
1222 2827 1312 2902 qualia
1335 2829 1386 2902 ipsi
1407 2827 1508 2883 diaeum

252 2911 354 2983 indigni
377 2919 466 2965 tamen
488 2916 564 2972 sunt,
593 2919 624 2966 ut
645 2928 659 2965 a
682 2910 776 2984 probis
798 2908 866 2965 nralc
889 2910 1012 2971 audiam,
1040 2910 1209 2984 iruligniorcs
1231 2920 1262 2967 ut
1283 2912 1416 2969 bonorum
1434 2911 1508 2980 ritupt·

252 2996 358 3051 ratione
381 3002 527 3056 orirentur,
560 2994 741 3068 indignissimi
769 2994 815 3068 qui
846 2993 1091 3050 lleuclrlinistarum
1118 2996 1299 3053 insectatione
1321 3014 1416 3053 nomen
1435 2993 1466 3049 rel
1482 2991 1530 3045 po

252 3097 371 3141 mosum,
398 3080 471 3152 quod
492 3095 664 3154 summopere
682 3087 824 3153 exoptant.
848 3086 1064 3152 consequantur;
1095 3082 1215 3153 quamvis
1234 3099 1285 3138 nce
1313 3081 1366 3138 hoe
1389 3074 1507 3153 neganda

253 3165 323 3220 iusta
342 3181 389 3220 eos
409 3163 595 3237 indignatione
618 3181 813 3236 nonnunquam
834 3163 991 3219 dementare
1012 3181 1051 3218 ae·
1062 3163 1203 3221 beluarum
1224 3167 1311 3222 instar
1329 3165 1464 3241 saepissime
1477 3175 1507 3214 et·

251 3250 420 3305 candescere.
465 3247 524 3303 Non
546 3247 617 3304 enim
640 3265 727 3322 usquo
750 3247 816 3303 adeo
838 3247 935 3302 insulsi
957 3256 1022 3303 sunt
1047 3264 1078 3304 ac
1099 3248 1226 3312 hebetes,
1256 3250 1323 3323 quin
1348 3267 1378 3306 se
1402 3247 1507 3305 narnus

252 3335 366 3395 inertes,
390 3335 484 3394 rudes,
510 3332 632 3406 ineptos,
659 3333 797 3406 stupidos,
824 3331 968 3387 illiteratos
993 3341 1021 3388 et
1047 3333 1127 3406 plane
1155 3335 1360 3408 disciplinarum
1385 3340 1508 3390 euasurum

182 3446 185 3449 ·
252 3419 352 3474 inscios
380 3435 439 3473 esse
468 3426 651 3489 cognoscaut;
687 3417 856 3473 adversarios
880 3433 945 3471 vero
975 3434 1040 3472 suos
1069 3418 1193 3473 homines
1217 3418 1335 3493 politos,
1364 3415 1529 3491 compositos²⁵

251 3502 388 3563 excultos,
412 3512 505 3577 aptos,
529 3502 711 3576 perspicaces,
735 3502 859 3557 cruditos
879 3509 907 3556 et
930 3501 1031 3558 nullius
1054 3510 1136 3558 rectae
1159 3503 1279 3560 scicntiae
1301 3504 1425 3579 Ignaros,
1442 3496 1508 3556 utin·

252 3590 331 3645 terIm
355 3587 529 3643 demonibus
551 3595 579 3642 et
600 3587 661 3642 vitae
682 3587 824 3642 honestate
847 3586 987 3647 sileamus.
1017 3595 1045 3642 et
1069 3588 1143 3661 quod
1165 3587 1247 3661 longe
1271 3588 1459 3645 intolerabilius
1473 3589 1507 3637 ot

252 3675 351 3748 idiotas
371 3673 452 3728 etiam
469 3671 593 3745 supinam
614 3688 709 3727 eorum
731 3671 913 3742 ignorantiam
932 3671 1086 3727 diiudicare.
1120 3672 1173 3727 Cur
1196 3674 1281 3745 igitur
1303 3690 1358 3729 non
1380 3672 1474 3728 doleant
1488 3680 1509 3718 tt

251 3759 359 3814 raltiose
381 3756 555 3816 maledicant,
577 3773 638 3810 cnm
660 3755 741 3828 longe
763 3755 868 3811 facilius
890 3754 926 3810 sit
949 3764 1003 3811 tam
1023 3757 1154 3829 stupenda
1175 3758 1343 3813 conviciandi
1363 3758 1459 3813 ratione
1470 3765 1510 3807 nr

217 3834 223 3851 ’
251 3843 325 3898 nitos
348 3841 475 3915 quicquid
497 3840 525 3894 in
546 3839 656 3896 buccam
678 3840 781 3895 venerit
802 3839 909 3895 effutire
930 3848 958 3896 et
980 3858 1073 3896 omnes
1093 3841 1216 3897 homines
1237 3842 1371 3898 virulenta
1393 3833 1532 3912 tinguant-³⁰

251 3928 369 3983 lacerare
392 3943 472 3998 quam
496 3924 676 3996 ignorantiam
699 3924 830 3986 abiicere.
854 3925 956 3997 optima
978 3925 1131 3998 perdiscere
1154 3935 1182 3982 et
1200 3927 1319 3982 animum
1337 3921 1512 3997 bonisquibus·

252 4030 303 4085 que
328 4011 431 4066 artibus
454 4026 594 4065 exornare.
628 4007 697 4075 Quin
719 4008 770 4064 lroc
793 4026 902 4082 quoquc
919 4008 960 4064 vel
982 4009 1183 4087 modestissimo
1204 4028 1301 4067 eorum
1316 4010 1397 4067 bilem
1413 4010 1513 4065 merent

250 4115 312 4152 curn
333 4111 388 4151 non
410 4094 499 4150 solum
521 4093 701 4166 provectioris
717 4092 804 4149 aetatis
819 4093 906 4155 viros,
931 4094 976 4148 sed
993 4092 1178 4150 adulescentes
1194 4095 1269 4168 ipsos
1284 4102 1312 4150 ct
1327 4096 1368 4149 rix
1383 4112 1414 4150 ex
1427 4087 1514 4165 epti-bis

251 4197 378 4254 egressos
401 4187 474 4234 tanta
498 4178 627 4252 praeditos
647 4176 771 4233 doctrina
792 4186 931 4239 cerneret,
962 4184 992 4233 ut
1014 4179 1047 4233 de
1069 4179 1161 4234 arduis
1184 4196 1294 4253 quoque
1324 4179 1405 4235 rebus
1430 4172 1515 4249 egntl‘

251 4266 385 4321 disserere
405 4271 434 4318 ct
454 4264 482 4317 in
502 4263 606 4318 cernetis
627 4261 777 4317 rectissImc
800 4261 901 4317 sentire
921 4271 1043 4335 possent.
1077 4262 1226 4319 lustissime
1250 4264 1335 4336 igitur
1351 4273 1404 4320 tam
1419 4263 1539 4318 tumuere

252 4348 404 4409 insaniunt,
432 4354 473 4407 et,
499 4354 529 4401 ut
556 4346 663 4401 assidue
690 4346 733 4402 sui
762 4346 816 4401 sint
845 4346 961 4408 similes,
990 4347 1063 4420 quod
1091 4363 1198 4422 semper
1222 4348 1311 4405 lacere
1333 4350 1519 4404 consueverint

252 4448 391 4505 nunqnam
413 4430 501 4486 iacere
523 4431 663 4486 desinunt:
697 4439 725 4486 et
746 4439 818 4486 recte
841 4431 964 4503 quidem:
992 4448 1048 4486 non
1071 4432 1142 4487 enim
1163 4432 1196 4487 de
1216 4432 1285 4488 asini
1309 4432 1417 4496 umbra,
1441 4427 1522 4487 setlle

252 4517 321 4573 asini
337 4516 423 4590 ipsIus
440 4515 512 4590 pelle
528 4516 627 4588 agitur.
658 4515 798 4571 Petulcnm
821 4516 893 4571 enim
912 4516 1024 4576 nointel,
1048 4533 1103 4571 non
1123 4516 1212 4572 solum
1230 4517 1262 4572 de
1279 4517 1349 4573 fama
1366 4525 1395 4574 et
1409 4514 1525 4572 enisum

252 4601 336 4657 tionis
358 4601 460 4657 iactura
485 4600 623 4656 solicitum
645 4608 701 4661 est.
734 4601 781 4655 sed
809 4608 836 4655 et
864 4600 933 4656 lueri
959 4600 1093 4656 defectum
1121 4618 1151 4657 ac
1182 4609 1325 4658 venturum
1352 4602 1528 4658 detrirnentuu

251 4703 381 4761 perquam
410 4684 540 4742 callenter
567 4685 711 4759 perpendit
740 4684 881 4758 timetque,
913 4701 947 4740 ne
975 4685 1095 4741 detracta
1122 4684 1230 4741 leonina
1253 4686 1325 4760 pello
1355 4704 1450 4742 rursus
1472 4683 1555 4740 uuo

252 4789 335 4845 quum
364 4771 440 4827 illum
471 4772 577 4826 asinum
606 4770 750 4825 ostendere
776 4778 804 4824 et
826 4777 926 4843 praeter
947 4770 1005 4824 dira
1026 4769 1137 4825 verbera
1159 4769 1267 4826 labores
1291 4771 1454 4832 immensos,
1480 4771 1534 4826 ian·

250 4856 355 4930 pridem
374 4857 485 4912 desueta
508 4871 604 4916 onera.
628 4854 727 4909 iterum
748 4854 821 4909 serre
843 4862 968 4927 cogatur.
1001 4853 1087 4926 igitur
1108 4862 1234 4927 proterva
1249 4864 1278 4910 et
1294 4856 1440 4911 temeraria
1460 4855 1537 4911 bestia

250 4942 435 4997 conditionem
461 4958 537 4996 suum
560 4948 614 4995 tarn
642 4938 768 4994 miseram
795 4938 938 5011 deplorare
962 4955 992 4995 ae
1015 4938 1133 4994 fortunae
1155 4938 1326 5012 iniquitatem
1349 4941 1474 4997 execrari
1492 4957 1540 4995 non

250 5022 364 5082 desinat.
394 5025 449 5080 Nos
471 5041 550 5084 vero,
570 5024 732 5096 Hieronymo
754 5023 995 5096 praestantissime,
1019 5023 1131 5079 salutari
1153 5023 1253 5079 annulo
1275 5025 1375 5080 muniti
1397 5026 1542 5101 sycophnr

251 5118 342 5166 torum
364 5127 471 5166 morsus
493 5117 521 5165 et
543 5108 666 5182 Improba
688 5107 842 5164 rabularum
866 5108 986 5165 convicia
1008 5125 1062 5163 non
1085 5107 1174 5164 solum
1195 5108 1313 5181 benigne
1340 5109 1478 5171 [ennius.
1502 5110 1571 5166 sede

250 5203 278 5250 et
299 5195 522 5255 doecilaciamus,
552 5202 757 5248 contemnamus
778 5200 805 5248 et
828 5192 1002 5256 irrideamus;
1034 5193 1099 5265 quin
1121 5192 1215 5266 potius
1234 5192 1392 5250 exultemus
1417 5195 1548 5271 nobisque

250 5280 459 5353 applaudamus,
482 5278 554 5353 quod
578 5278 604 5332 iu
627 5277 708 5339 hanc,
731 5276 822 5333 saltim
844 5278 897 5333 hoc
918 5277 1028 5334 nominc
1051 5276 1168 5334 Ioelicem
1188 5276 1332 5334 incidimus
1348 5288 1478 5343 aetatem,
1502 5298 1552 5355 qna

250 5393 453 5402 .———--

318 5441 348 5474 &¹
366 5443 538 5507 „Cspnionis
556 5457 665 5493 sacrum
684 5446 794 5507 copnt”.
813 5445 838 5491 r'n
856 5459 936 5508 nrorp.
995 5432 1052 5509 1θὴ
1076 5433 1132 5508 γὰρ
1149 5439 1220 5509 κτλ]
1239 5443 1303 5506 „Ex
1319 5443 1501 5497 Aristotelew
1523 5448 1556 5497 ad

250 5543 330 5592 marg.
355 5527 398 5577 ct.
413 5527 483 5578 Gell.
496 5528 529 5577 N.
543 5528 575 5577 A.
588 5528 661 5577 XVI.
673 5525 735 5590 8,n.
781 5526 804 5560 ³³
823 5528 947 5594 ephoebis
959 5523 989 5577 1,
