3625 7050
300 1188 348 1261 34
369 1203 443 1255 xxl.
456 1218 492 1254 nr
504 1217 650 1255 nemronrs
664 1217 699 1253 nn
712 1217 954 1255 renrrrnxonnso.
980 1203 1069 1255 XXII.
1082 1219 1206 1257 nsrrrsu
1218 1219 1256 1255 sn
1267 1220 1293 1256 r.
1301 1220 1337 1255 nr
1350 1219 1433 1256 srsu
1445 1219 1488 1257 rr.
1496 1220 1522 1256 n.
1530 1211 1595 1255 tete.

299 1378 399 1436 habuit
421 1377 498 1448 quod
517 1377 678 1448 populares
696 1390 763 1433 suos
785 1377 957 1447 decepisset,
983 1378 1041 1434 nisi
1062 1384 1089 1432 et
1116 1377 1294 1435 Christianos
1317 1377 1428 1450 fraude
1449 1377 1594 1452 salim&-

194 1531 198 1538 ,
300 1478 355 1536 que
370 1463 541 1519 conveniret.
571 1461 637 1516 Etsi
650 1475 718 1517 uero
738 1478 795 1516 non
815 1468 944 1517 meretur
962 1462 1016 1517 iste
1030 1462 1195 1530 homuncio,
1216 1470 1249 1519 ut
1259 1465 1409 1534 matteum
1424 1464 1459 1519 de
1473 1478 1507 1520 eo
1521 1482 1595 1519 nar·

300 1548 439 1604 rationem
458 1547 654 1612 instituamus,
679 1561 744 1612 cum
765 1545 838 1602 nihil
854 1546 941 1601 laude
960 1547 1013 1602 sed
1030 1547 1171 1618 vituperia
1190 1549 1286 1618 patim
1304 1549 1436 1627 dunum,
1460 1551 1595 1620 passer-it,

300 1639 411 1698 tamen,
437 1631 506 1702 quia
524 1631 595 1687 socii
613 1631 698 1685 etiam
712 1631 803 1702 ipsm
817 1632 951 1702 capnosci
969 1632 1175 1701 quodammodo
1189 1639 1315 1703 possunt
1333 1647 1373 1688 esc
1387 1634 1477 1700 soma,
1493 1649 1595 1704 pauca

300 1717 431 1791 cumdum
458 1729 586 1770 narrare
611 1715 725 1771 animus
743 1720 786 1770 est
805 1716 840 1771 de
859 1715 965 1771 celebri
983 1717 1145 1786 impostore.
1182 1716 1361 1773 Commodum
1380 1719 1455 1774 enim
1476 1719 1594 1784 accidit,
1617 1717 1633 1757 ⁸

301 1809 333 1859 ut
358 1802 491 1872 quadam
523 1797 614 1855 Virici
637 1797 760 1854 Hutteni
792 1801 920 1870 epistolae
944 1801 979 1855 de
1002 1799 1224 1872 Pfcfferhor'nio
1249 1803 1289 1858 ad
1317 1801 1477 1872 Adelphum
1498 1801 1596 1858 Robo-

301 1900 382 1942 reum
403 1884 595 1942 coloniensem
615 1890 643 1939 et
663 1882 864 1956 Eptelnolsum
885 1885 920 1940 de
941 1884 1065 1955 lapide,
1093 1903 1153 1941 una
1176 1903 1241 1941 cum
1261 1887 1403 1957 capitibus
1431 1889 1596 1952 criminum,

300 1987 422 2042 quorum
437 1970 582 2025 convictus
594 1967 667 2039 suit,
691 1975 720 2024 et
733 1969 943 2025 exclamatione
957 1970 1083 2025 eiusdem
1098 1969 1220 2028 Huttcni
1233 1973 1262 2026 iu
1276 1972 1526 2044 ttapitiasissimam
1543 1970 1597 2026 lu·

255 2126 257 2131 ¹
301 2057 358 2112 doet'
377 2055 477 2121 vitans,
499 2054 538 2109 ud
556 2067 659 2109 manus
677 2067 757 2109 meus
776 2067 816 2108 ex
831 2053 923 2109 Nicol.
946 2053 1069 2110 Gerbelii
1082 2055 1259 2112 Bibliotheca
1274 2056 1417 2116 uenerints
1437 2058 1513 2112 unde
1528 2071 1597 2127 quoe

300 2140 357 2196 huc
371 2145 504 2209 spectare
518 2138 688 2194 uidebuntur
702 2139 834 2194 desumsi.
860 2138 949 2208 thue
964 2139 1127 2195 breuissime
1141 2142 1252 2196 scelera
1267 2147 1392 2207 tantum,
1411 2142 1445 2197 ob
1467 2157 1533 2212 quoe
1549 2143 1594 2195 in·
1607 2149 1638 2189 ¹⁰
1654 2161 1657 2169 ·

298 2223 389 2298 fumis
409 2229 438 2278 et
451 2223 484 2277 A.
505 2237 598 2292 supra
616 2224 793 2279 millesimum
814 2224 1067 2294 quingentesimum
1087 2225 1195 2281 decimo
1216 2226 1315 2296 quinto
1337 2223 1423 2280 Huloe
1443 2223 1597 2281 Saxonum

301 2308 442 2379 supplicio
462 2307 587 2378 affectus
603 2305 662 2378 suit
674 2305 921 2378 Pseffcrhoruius.
946 2350 952 2362 .
977 2350 983 2363 .
1008 2350 1014 2362 .
1037 2307 1117 2364 Idem
1134 2309 1280 2366 Huttenus
1298 2311 1328 2365 in
1348 2310 1440 2365 literis
1454 2311 1495 2365 ad
1507 2310 1597 2365 Adol-

299 2394 390 2465 phum
411 2390 573 2448 Roboreum
591 2392 734 2464 ss'puificot
753 2393 841 2447 alium
862 2392 940 2447 hunc
957 2391 1051 2463 fuisse
1065 2393 1303 2465 Pepericornium
1323 2395 1359 2449 ab
1379 2408 1427 2462 eo,
1450 2396 1501 2466 qui
1515 2393 1597 2449 Colo-

302 2480 358 2534 niae
379 2483 493 2550 operm,
515 2493 551 2533 ac
561 2477 752 2548 paucissimos
766 2478 882 2533 scivisse
897 2477 969 2532 duas
983 2479 1112 2534 extitisse
1126 2479 1340 2550 Pepericornos
1354 2477 1468 2535 Iudoeas
1483 2481 1597 2545 tinctos,

302 2564 392 2635 obque
412 2576 475 2616 eam
495 2575 556 2616 rem
577 2563 757 2617 existimasse
777 2560 1008 2634 Capniamastipa
1032 2564 1174 2634 supplicia
1193 2578 1255 2620 esse
1275 2564 1421 2635 affectum.
1466 2561 1551 2630 Quod
1570 2563 1600 2618 si
1607 2568 1638 2611 ¹⁵

303 2662 401 2704 oerum
416 2652 458 2702 est
474 2643 558 2715 (nihil
572 2647 645 2701 enim
661 2646 753 2702 audeo
768 2647 897 2718 definire,
913 2661 978 2702 cum
993 2647 1052 2702 alia
1065 2662 1110 2702 me
1124 2649 1280 2705 destituant
1292 2648 1399 2704 indicia
1414 2649 1486 2704 satis
1499 2649 1597 2719 certa)

301 2732 457 2788 doctissimi
470 2732 574 2802 quique
589 2732 645 2786 uiri
658 2733 687 2786 in
700 2732 785 2802 p'raoi
797 2745 899 2787 errore
914 2732 1023 2786 uersati
1039 2730 1179 2788 hactenus
1196 2731 1330 2806 fuerunt.
1374 2732 1495 2794 Interim
1508 2730 1598 2805 Pses-

300 2814 472 2888 ferharnius
488 2815 704 2887 Cupniomostix
719 2815 806 2871 nihilo
818 2814 885 2886 sere
900 2816 1000 2873 melior
1013 2817 1073 2873 ciue
1087 2832 1140 2873 suo
1153 2815 1221 2887 fuit,
1237 2819 1370 2889 quoniam
1386 2823 1497 2873 tantum
1511 2814 1602 2887 nesus

302 2908 405 2956 contra
423 2901 683 2973 innocentissimum
703 2899 893 2956 Reuchlinum
915 2915 1005 2957 ausus
1022 2899 1090 2972 fuit.
1135 2902 1234 2973 Neque
1255 2904 1346 2974 mapis
1369 2902 1534 2958 excusandi
1556 2901 1602 2956 illi

253 2981 264 3002 ⁶
302 2991 384 3052 sunt,
411 2986 461 3056 qui
484 2986 634 3055 suppetias
651 2984 760 3056 Apellae
781 2987 917 3053 tuterunt,
932 2987 1115 3057 eiusdemque
1133 2989 1252 3044 sceleris
1266 2988 1428 3058 participes
1447 3001 1510 3043 sese
1532 2986 1637 3042 red-ss

303 3070 416 3130 didam,-
431 3070 508 3141 quod
523 3068 702 3126 Colonienscs
719 3069 875 3142 Theolopos
886 3068 993 3141 secisse
1008 3078 1121 3127 canstat
1142 3112 1149 3126 .
1175 3115 1181 3127 .
1206 3114 1213 3128 .
1238 3115 1244 3126 .

371 3336 384 3384 i
889 3319 1017 3394 XXII.
1193 3269 1195 3271 Ι
1339 3333 1472 3402 [rervm
1485 3352 1512 3386 a.
1527 3334 1600 3403 nnn]

722 3508 766 3551 an
786 3480 1006 3552 annnisenrvn
1029 3509 1174 3560 nnmrnrr

642 3594 884 3651 EYTELVOLFVM
913 3595 953 3651 DE
982 3596 1098 3652 inplbb
1127 3595 1259 3652 SVEVVM

517 3690 681 3728 umbem
699 3691 791 3728 OVBIAE
809 3691 843 3725 ΕΤ
862 3691 1005 3727 ΟῙῩΙΤΔΤΙΒ
1024 3692 1195 3728 loommin
1213 3690 1387 3727 PBAEFRC‘NK
1606 3696 1631 3737 25

753 3759 904 3821 VLRICHI
926 3760 976 3821 DE
998 3760 1151 3823 HVTTEN

889 3865 1021 3915 nnvms

807 3950 841 3992 ns
864 3949 1098 3994 sennennrcvrr
1223 3984 1226 3988 ,

457 4028 502 4084 [tn
518 4028 649 4073 cernent
660 4025 798 4070 Ausees!
814 4026 1046 4070 Ancntsetscort
1058 4026 1231 4071 necterent
1243 4025 1450 4081 causostem]

857 4103 1039 4145 pensante.
1445 4107 1449 4114 ·
1606 4111 1677 4155 Μ

250 4226 296 4276 ῃ,
391 4202 435 4264 Ne
450 4222 498 4264 me
512 4209 714 4264 cunctatorem
728 4219 814 4263 voces
829 4201 953 4272 diutius,
971 4220 1043 4263 neve
1057 4202 1272 4283 promissorum
1286 4207 1372 4281 putea
1386 4199 1599 4270 immemorem,

308 4302 466 4385 Eplelvolic
481 4305 674 4373 ornatissime,
686 4303 815 4364 exhibeo
830 4304 1041 4383 panegyricum
1055 4304 1086 4364 in
1101 4304 1303 4381 exceptionem
1315 4300 1516 4379 bioguntinnm
1536 4300 1599 4361 iiiu-

306 4490 394 4542 XXII.
413 4490 437 4540 Δ
448 4489 768 4557 =1nd.bib1iogr.n⁰.x.
777 4491 800 4540 l.
835 4491 851 4539 2
863 4509 898 4534 =
910 4489 1098 4541 Ibisnexe.
1134 4489 1322 4540 Posteriorem
1332 4486 1415 4537 huius
1427 4486 1600 4552 praefationis

514 4580 633 4640 partem,
652 4575 840 4637 §§.1o...1·t.,
861 4575 975 4626 exhibet
993 4576 1079 4625 etiem
1089 4572 1261 4626 Bnrckherd.
1274 4572 1297 4621 Ι.
1311 4570 1387 4638 pet.

306 4696 348 4746 ita
361 4694 520 4760 infrequens
533 4695 600 4759 fuit,
619 4695 743 4746 incidere
756 4711 810 4746 non
823 4694 953 4757 debebat,
966 4699 997 4744 nt
1009 4693 1091 4744 Helie
1105 4697 1255 4743 crematum
1271 4690 1506 4742 Piefferlrorninnr
1519 4694 1600 4756 atquc

307 4779 501 4832 coloniensem
518 4781 731 4846 praedicotorum
747 4782 853 4831 socium
870 4795 953 4829 unum
971 4779 1140 4844 eundemque
1159 4776 1298 4827 bominem
1310 4775 1398 4825 fuisse
1410 4780 1537 4840 putaret,
1555 4790 1601 4825 ne·

307 4881 360 4932 qne
372 4865 563 4932 ipsiantteni
575 4864 678 4915 litteris
691 4865 806 4915 meliora
816 4865 931 4916 edoctus
940 4855 1142 4915 dubitatibnem
1154 4861 1313 4928 deponeret.
1367 4859 1387 4893 ¹¹
1401 4858 1509 4925 quinto]
1522 4860 1601 4909 immo

307 4957 414 5018 quarto.
436 4952 529 5010 „Nach
543 4950 636 5001 Christi
651 4966 739 5001 unsers
755 4950 837 5000 liebem
848 4950 943 5000 herren
953 4948 1056 5014 peburt,
1074 4947 1183 4997 Tament
1197 4946 1377 5012 sinfflhmsdert
1392 4945 1446 4995 end
1454 4948 1487 4994 im
1498 4946 1601 4995 nieme·

306 5037 405 5088 henden
417 5039 484 5095 iare,
497 5037 538 5101 off
544 5036 688 5086 mitnochen
701 5036 765 5086 nach
777 5034 872 5100 Epidii,
885 5035 943 5085 lta
954 5050 1011 5083 man
1027 5038 1101 5083 einen
1111 5034 1254 5098 pctmafflen
1270 5032 1370 5090 Juden,
1387 5030 1520 5080 lohannes
1532 5028 1601 5093 Pses-

304 5122 414 5186 serhorn
427 5128 552 5187 penannt,
574 5119 604 5170 sii
625 5121 702 5172 lialtc
715 5136 760 5172 aor
776 5126 849 5171 sanct
862 5118 1024 5184 Moritzburp
1040 5119 1099 5183 ostff
1111 5120 1167 5169 dem
1177 5116 1378 5180 Judenhirchoff
1384 5114 1521 5181 prbrum,
1537 5114 1603 5164 eund

307 5203 339 5258 zia
351 5223 398 5257 oon
408 5209 452 5255 mit
466 5208 592 5270 ptilendeu
607 5221 703 5271 zaupen
716 5206 820 5255 etzliche
832 5210 895 5255 male
907 5220 949 5254 os:
966 5207 1059 5253 seinem
1076 5202 1118 5267 tpb
1128 5206 1257 5268 perissem.
1266 5205 1295 5250 .“
1318 5201 1363 5250 Ita
1376 5199 1479 5264 incipit
1496 5199 1544 5249 Dte
1560 5213 1601 5263 pe·

306 5292 402 5343 schicht
424 5292 493 5342 onnd
506 5290 679 5343 belsarmtnns:
702 5292 748 5342 des
762 5292 905 5356 pelmofflcn
921 5290 1018 5346 ludeo,
1041 5294 1153 5352 pendunt
1169 5288 1298 5338 lohannes
1316 5284 1486 5350 Psefferlsarss
1509 5282 1602 5334 codem

309 5391 380 5428 anno
393 5377 479 5427 edita.

375 5460 511 5513 “Eitelm
524 5464 550 5511 2.
563 5464 756 5527 etsicsempcr.
798 5458 820 5492 ²²
839 5459 970 5511 Germani
983 5459 1078 5509 addh-
1122 5456 1145 5498 ”-
1157 5461 1228 5507 itae.
1241 5429 1405 5521 {equentem
1418 5451 1600 5505 nemetes&

306 5548 371 5600 suu
380 5550 529 5613 wama.
