3625 7050
378 1217 470 1271 XIIII.
488 1197 572 1296 encra
586 1233 704 1270 sverain
717 1233 755 1268 an
767 1233 894 1269 rossana
909 1232 1051 1269 aaronem
1064 1232 1108 1268 se.
1122 1232 1149 1268 e.
1168 1226 1203 1268 aa.
1217 1232 1275 1270 ua.
1290 1216 1382 1283 (letti)
1479 1205 1529 1278 29

225 1409 348 1467 [uorum
369 1391 520 1454 niendacia,
542 1390 627 1446 velint
642 1391 745 1451 nolint,
769 1392 875 1447 tandem
891 1390 1036 1464 aliquando
1051 1398 1164 1447 ootame
1179 1391 1261 1464 vulgo
1278 1391 1304 1446 in
1320 1399 1438 1448 extrema
1453 1402 1532 1467 parte

225 1478 399 1557 nigrescunt.
436 1476 488 1531 Sed
509 1475 617 1537 vellem,
644 1475 709 1531 duni
729 1476 896 1532 inmortales
920 1475 971 1531 lroc
992 1475 1039 1530 tibi
1060 1475 1272 1537 concessissent,
1300 1484 1331 1533 ut
1350 1477 1422 1532 viros
1442 1478 1530 1533 bonos
1545 1463 1589 1514 §.³

225 1563 403 1635 agnovisses,
420 1560 559 1633 improbos
574 1577 639 1616 vero
655 1577 743 1634 neque
758 1561 918 1633 agnovisses
933 1567 1021 1633 neque
1036 1561 1146 1631 agnitus
1162 1560 1265 1617 luisses
1275 1561 1310 1617 ab
1326 1563 1405 1637 ipsis,
1422 1563 1500 1618 sicuti
1516 1581 1531 1618 a

225 1646 290 1701 bole
311 1646 420 1721 precari
437 1644 543 1700 solebat
558 1644 720 1718 Apollonius
737 1643 782 1699 illo
799 1646 937 1718 Tyaneus:
964 1645 1089 1716 prolecto
1104 1662 1159 1701 oon
1175 1645 1352 1719 impegissent
1369 1654 1395 1702 te
1417 1648 1443 1702 in
1466 1655 1532 1704 tem·

225 1738 366 1804 pestatem
380 1731 449 1786 adeo
465 1728 648 1785 turbulentam
663 1737 812 1802 nugatores
827 1730 972 1804 sophistae,
994 1718 1135 1802 generatio
1149 1746 1239 1803 prava,
1259 1747 1342 1804 pecus
1357 1739 1532 1787 exarmatum.

225 1816 271 1871 sed
289 1815 421 1871 tortassis
441 1832 491 1887 per
511 1813 677 1886 singularem
697 1814 894 1887 providentiam
916 1830 1045 1886 superum
1065 1824 1154 1887 empta
1173 1813 1207 1870 lis
1226 1824 1282 1871 est:
1307 1817 1437 1880 desidiam
1458 1819 1533 1889 igna-

225 1901 354 1974 riarnque
376 1899 416 1954 illi
432 1899 495 1955 odio
516 1897 630 1961 trabam
657 1899 736 1954 sicuti
757 1907 885 1973 parentes
906 1898 1009 1954 liberos
1029 1913 1094 1954 suos
1119 1917 1169 1972 per
1195 1900 1369 1962 iudustriam,
1402 1901 1531 1963 laborem,

225 1984 335 2057 rigilias
350 1985 384 2040 ad
399 1983 523 2056 gloriam,
539 1983 576 2039 ita
592 1982 631 2038 illi
647 2000 716 2056 (piros
731 1991 822 2039 amant
837 1985 917 2039 variis
929 1983 1057 2057 periculis
1071 1983 1359 2059 temptamiuibusque,
1376 2003 1430 2059 quo
1447 1987 1532 2042 virtus
1577 2041 1579 2044 .

225 2070 317 2125 maior
331 2068 480 2130 enitescat,
497 2076 641 2123 exercent.
674 2069 702 2122 ni
718 2068 875 2124 Ciceronem
889 2067 999 2124 Clodios
1020 2069 1123 2140 egisset
1142 2069 1171 2125 in
1191 2067 1315 2133 exilium,
1336 2071 1408 2127 diem
1429 2071 1533 2126 reditus

225 2153 444 2227 pulcherrimum
457 2153 733 2225 honestissimumque
743 2169 797 2208 noo
809 2152 958 2223 habuisset.
991 2153 1126 2226 Prospera
1141 2152 1168 2208 in
1182 2152 1289 2229 plebem
1304 2170 1335 2211 ac
1349 2154 1412 2211 vilia
1426 2156 1534 2228 ingenia
1547 2141 1592 2191 Μ·

225 2237 389 2298 Ιενειιὶωιῑ,
406 2245 434 2292 at
449 2236 616 2293 calamitates
633 2244 808 2310 terroresque
823 2237 987 2294 excellentes
1007 2238 1111 2293 animos
1132 2244 1266 2310 querunt.
1297 2238 1411 2314 Ilagnus
1425 2256 1535 2314 semper

225 2323 306 2378 luisti
329 2331 357 2378 et
376 2322 486 2377 babitus
507 2339 549 2386 cs;
580 2329 725 2395 postquam
746 2322 895 2394 parricidas
910 2323 1029 2378 candida
1051 2323 1128 2378 lamae
1150 2329 1202 2378 tuae
1219 2321 1312 2402 iiaebee
1332 2323 1434 2381 virtute
1453 2342 1535 2399 supe·

225 2408 317 2469 rabis,
342 2415 431 2463 tecum
448 2407 505 2480 ipse
520 2404 639 2462 certabis
654 2424 714 2461 cma
731 2405 827 2479 gloria.
858 2406 933 2463 Unde
948 2407 1082 2463 fortitudo
1100 2415 1145 2462 tua
1160 2415 1388 2480 cognosceretur,
1409 2408 1463 2464 nisi
1478 2410 1534 2466 lor·

225 2501 296 2548 tuna
314 2491 422 2548 dederit
445 2490 600 2547 lacultatem
623 2490 780 2546 exbibenda
803 2491 929 2548 virtutis?
950 2490 1008 2547 Erit
1027 2491 1079 2548 boc
1102 2491 1180 2565 quasi
1195 2500 1261 2548 actae
1276 2494 1365 2549 aetatis
1385 2495 1534 2567 praemium,

225 2584 262 2633 nt
276 2584 366 2650 partae
383 2584 424 2632 tot
439 2575 516 2631 annis
538 2574 634 2648 gloriae
654 2584 860 2631 monumentum
882 2575 1184 2650 tautmtsumpnemum
1206 2577 1322 2633 accedat.
1360 2595 1409 2634 nec
1430 2579 1534 2639 vereor,

225 2661 305 2736 quod
321 2661 399 2735 quasi
416 2660 513 2716 effoetis
534 2660 637 2715 viribus
652 2677 752 2733 pugnae
772 2660 861 2716 minus
877 2648 1081 2747 sullldasginus
1096 2661 1130 2717 ad
1144 2660 1292 2721 debilitand
1336 2679 1374 2725 ,eo
1425 2662 1535 2719 usmul·

225 2753 339 2809 torum:
375 2747 494 2801 ridemus
520 2761 612 2801 senem
641 2743 775 2801 Entellum
810 2752 953 2801 strenuum
977 2742 1108 2803 'tlrletam
1142 2747 1212 2819 apud
1238 2747 1263 2800 ll
1317 2807 1322 2818 ¹
1349 2747 1536 2823 mggeognom

225 2848 398 2905 generosum
413 2830 537 2889 ,animum
555 2838 644 2889 tumn.
671 2828 786 2885 alacrem
803 2847 915 2904 pugnae,
944 2848 975 2885 ea
991 2830 1107 2903 epistola
1129 2839 1173 2886 tua
1193 2830 1312 2887 blotiano
1332 2820 1429 2893 mssa,
1455 2826 1536 2906 qnam

225 2933 331 2971 rursus
348 2913 394 2970 ille
409 2914 544 2969 uisendam
560 2915 593 2970 ad
608 2932 650 2969 aare
666 2921 741 2969 trans
758 2923 799 2970 tot
815 2914 915 2989 arduos
930 2923 1037 2970 montes
1052 2914 1166 2987 legavit,
1189 2922 1219 2970 ut
1234 2915 1347 2972 liaberet
1363 2904 1460 2971 teslom
1475 2933 1538 2991 par·

230 3000 346 3074 ticipem
367 2998 493 3072 concepti
520 2998 625 3072 gaudii;
652 2998 703 3053 vidi
727 2996 912 3071 integritatem
935 3009 1020 3061 tuam,
1047 2999 1181 3073 llapniom
1209 3001 1260 3056 vidi
1283 3009 1311 3056 et
1331 3001 1537 3101 iptoepret'ando

226 3102 291 3142 earn
307 3085 394 3159 ipsam
408 3082 502 3139 multis
521 3082 706 3156 tlroologistis,
728 3083 944 3146 druobardistis,
965 3084 1126 3146 Tlromistis,
1148 3085 1287 3148 Scotistis‚
1308 3050 1470 3148 duffiistis,
1490 3085 1539 3141 Ga·

228 3170 361 3231 acuistis,
378 3167 545 3224 stomachum
562 3168 640 3229 rarovi,
658 3168 730 3243 quod
746 3185 778 3224 co
795 3168 924 3225 libentius
941 3169 1006 3231 leci,
1023 3169 1173 3243 quoeitius
1188 3170 1220 3226 ad
1237 3172 1364 3238 vornitum
1380 3186 1441 3227 cum
1456 3170 1538 3226 satel-

234 3255 282 3310 lite
297 3270 349 3310 sue
366 3253 548 3326 Peperieorno
564 3252 756 3326 perducantur.
789 3253 917 3310 Scribunt
932 3254 1041 3327 quidem
1056 3253 1110 3317 illi,
1126 3254 1204 3311 acciti
1221 3256 1344 3317 bomine,
1361 3256 1388 3311 in
1405 3262 1440 3313 tc.
1471 3255 1534 3328 quid
1550 3250 1597 3301 Μ·

237 3340 310 3395 tum?
331 3339 444 3400 caduca,
461 3337 643 3394 subventanea
659 3345 901 3412 morirentaneaque
917 3338 1048 3395 scribunt.
1079 3346 1124 3394 tua
1139 3339 1278 3399 durabunt
1289 3340 1376 3397 ilonec
1391 3339 1478 3395 literis
1494 3357 1539 3399 oc·

235 3423 409 3498 cupabuntur
423 3422 538 3479 studiosi
554 3422 680 3478 lectores.
711 3423 770 3477 llon
786 3422 829 3478 bic
845 3423 942 3479 adulor
957 3423 1067 3479 auribus
1084 3425 1146 3485 tuis,
1162 3443 1176 3480 a
1193 3442 1247 3498 quo
1262 3425 1328 3481 vitio
1344 3425 1419 3481 valde
1434 3425 1539 3496 alicnus

235 3527 308 3566 suni:
325 3508 452 3565 indicium
468 3504 711 3582 peritissimorum,
728 3525 783 3563 non
800 3527 896 3572 ineum,
913 3509 1001 3582 attigi.
1031 3510 1066 3564 llt
1081 3509 1151 3566 dicet
1167 3509 1266 3584 aliquis
1282 3510 1410 3585 ‘capnion
1427 3506 1538 3566 solusiae

235 3603 331 3652 contra
353 3594 460 3667 plures,
489 3611 572 3667 quum
593 3611 626 3649 nc
643 3592 771 3649 llcrcnles
793 3594 901 3667 quidem
917 3602 1012 3651 eontra
1033 3595 1128 3650 duos‘l'
1154 3595 1221 3651 lluic
1247 3597 1400 3689 respondeo
1427 3594 1537 3672 ‘lpimici

235 3679 381 3754 llapniouis
402 3679 531 3734 exarmati
547 3687 625 3740 sunt:
651 3678 758 3740 sonitu,
784 3695 839 3734 non
860 3679 973 3736 verbere
994 3686 1110 3742 terrent,
1139 3687 1169 3735 ut
1189 3697 1278 3754 vcspae
1299 3673 1537 3757 evulsishact'tleia’.

236 3763 335 3838 quibus
349 3764 373 3819 si
388 3764 553 3819 adimeretur
567 3780 602 3819 ne
614 3762 818 3836 superstitiosas
830 3781 897 3820 anus
909 3772 990 3839 atque
1001 3762 1114 3819 delirum
1129 3764 1226 3837 vulgus
1238 3766 1318 3837 nugis
1330 3761 1541 3820 suis'eluderertt

225 3857 388 3923 rcentraque
403 3856 477 3904 recte
492 3848 642 3905 sentientes
657 3848 839 3909 concitarent,
862 3866 917 3905 uon
938 3848 1053 3923 amplius
1075 3865 1155 3921 quara
1175 3849 1218 3905 leo
1239 3849 1355 3923 pulicem
1377 3866 1424 3904 eos
1445 3847 1542 3904 lormi-

235 3934 336 3990 daremz
372 3951 479 3995 verum,
496 3934 518 3989 si
533 3934 585 3990 diis
600 3934 698 4007 placet,
714 3933 848 3994 scribant,
864 3940 1096 3994 commententur,
1113 3933 1287 3994 invehantur,
1303 3918 1539 4008 propositionibus

236 4019 442 4093 propositiones
464 4036 526 4074 suas
541 4017 724 4080 accumulent,
746 4018 891 4074 dunnuodo
912 4019 999 4074 sciant
1016 4017 1097 4074 tardae
1113 4036 1143 4075 ac
1159 4018 1291 4091 languidae
1311 4017 1427 4092 pecudes
1449 4017 1537 4072 doctis

237 4121 267 4159 se
287 4103 411 4178 praebere
426 4104 565 4162 materiam
581 4102 692 4158 ridendi.
724 4103 763 4158 'l'u
786 4120 896 4177 quoque
917 4103 940 4158 'si
960 4102 1092 4162 volueris,
1116 4103 1164 4159 tibi
1181 4121 1235 4159 non
1250 4104 1366 4159 deerunt
1382 4102 1408 4158 in
1424 4119 1538 4175 respou-
1552 4110 1597 4159 to.

236 4188 325 4244 dendo
340 4187 531 4243 auxiliatores:
558 4187 843 4256 babosdoctissimum
859 4188 945 4244 virum
961 4188 1122 4250 Matianum:
1149 4188 1231 4244 babes
1253 4196 1341 4244 totum
1363 4188 1474 4243 blutiani
1496 4205 1540 4243 or-

224 4272 341 4334 tdinem3
363 4280 428 4328 suut
444 4273 470 4327 iu
486 4290 519 4328 co
534 4272 705 4347 philosophi,
721 4280 823 4345 poete.
847 4280 986 4336 oratores,
1009 4272 1144 4346 theologi,
1163 4291 1257 4330 omues
1274 4273 1322 4329 libi
1337 4273 1429 4335 dediti,
1447 4290 1541 4329 omues

238 4374 289 4432 pro
312 4364 339 4414 te
360 4366 467 4413 certare
488 4358 583 4431 parati.
629 4356 766 4412 Eobanmu
788 4357 903 4414 llessum
923 4358 1031 4415 caeleste
1053 4358 1191 4431 ingenium
1213 4358 1288 4421 boat,
1316 4359 1411 4416 scribit
1431 4375 1541 4415 carmen

238 4459 340 4499 summa
359 4439 514 4505 loelicitate;
535 4441 624 4497 vidisti
645 4443 727 4497 credo
750 4442 808 4497 eius
829 4442 961 4499 ludicrum
980 4443 1143 4505 bucolicon,
1165 4446 1192 4499 iu
1209 4461 1263 4517 quo
1280 4445 1400 4501 ostendit
1416 4442 1461 4499 ille
1477 4443 1542 4517 quid

237 4526 341 4601 possit,
373 4526 395 4580 si
417 4526 489 4583 velit.
512 4527 538 4581 in
554 4526 673 4594 llutteno
696 4544 755 4581 riroo
777 4527 880 4583 exultat
900 4529 982 4584 ardor
1002 4537 1030 4585 et
1050 4528 1201 4591 subtilitas;
1223 4547 1277 4585 uno
1299 4531 1401 4603 impetu
1417 4527 1542 4585 conficiet

239 4611 344 4667 aridum
358 4611 499 4667 Ortvinnm
520 4654 526 4665 .
547 4629 603 4667 non
623 4612 722 4667 attinet
743 4609 821 4684 plura
842 4614 1027 4686 promittere.
1053 4615 1148 4669 manda
1170 4622 1196 4668 et
1219 4613 1294 4676 iube;
1325 4613 1433 4687 quando
1454 4612 1538 4673 voles,

225 4702 341 4769 t'praesto
362 4696 473 4752 erimus.
516 4695 575 4769 lpse
597 4697 624 4752 in
645 4696 698 4752 lroc
717 4694 836 4769 collegio
858 4714 912 4753 rron
934 4699 1020 4754 liabeo
1036 4715 1109 4754 arana
1124 4699 1263 4758 llinervaa,
1289 4699 1430 4771 copiarum
1453 4706 1541 4753 tamen
1555 4704 1602 4753 §.a

240 4780 378 4837 tribunum
400 4798 444 4837 me
459 4780 604 4854 proliteor:
627 4788 701 4837 stant
717 4782 744 4836 in
759 4798 877 4855 corpore
887 4782 980 4839 adbuc
995 4784 1065 4839 vires
1082 4784 1196 4855 integra·
1212 4782 1245 4837 ad
1258 4780 1362 4854 algoris
1377 4790 1474 4843 aestus,
1502 4783 1542 4836 in·

239 4865 305 4922 edic
327 4864 501 4940 patientiam;
522 4866 644 4921 exercuit
662 4884 703 4921 me
720 4869 844 4931 lortuna;
861 4867 906 4923 ubi
923 4886 992 4942 opus
1008 4877 1073 4930 erit,
1092 4877 1200 4924 montes
1217 4865 1353 4938 vallesque
1370 4874 1417 4921 tuo
1433 4866 1542 4922 nomine

239 4949 385 5027 superabo.
415 4968 448 5006 ne
465 4969 494 5006 se
511 4951 537 5006 in
555 4951 605 5007 lroc
620 4953 702 5012 iactet
717 4951 793 5007 solus
807 4952 1006 5026 Pepericornus
1020 4961 1091 5013 taius,
1109 4953 1206 5026 impius
1221 4950 1370 5022 transfuga,
1387 4967 1443 5012 ore,
1460 4949 1543 5009 vultu,

241 5036 325 5091 totius
339 5036 459 5109 denique
473 5036 598 5110 eorporis
614 5035 707 5106 lraliitu
724 5037 900 5100 loedissimus,
924 5046 954 5093 ut
967 5045 1040 5093 recte
1052 5038 1183 5111 impuram
1199 5037 1313 5094 animam
1327 5035 1437 5108 dignum
1453 5033 1546 5106 bospi-

225 5120 309 5176 stium
323 5120 448 5176 babitare
468 5120 576 5177 ‹lixoris
607 5121 702 5178 dltero
723 5123 820 5178 ablrinc
841 5139 912 5178 anno
934 5122 1018 5177 multa
1038 5123 1071 5177 de
1095 5131 1121 5177 te
1141 5140 1202 5178 cum
1223 5140 1256 5179 eo
1277 5120 1385 5199 locotus
1406 5137 1479 5180 sum,
1507 5127 1545 5178 ut,

242 5205 313 5278 quod
327 5205 459 5264 obscoeno
473 5205 717 5280 corpore'latcret.
741 5207 880 5282 loqueatis
895 5225 985 5269 serino
1001 5208 1066 5263 mibi
1081 5206 1225 5265 indicaret:
1242 5225 1296 5265 non
1311 5205 1408 5279 recipit
1420 5202 1545 5278 epistola,

275 5386 317 5421 ιι
334 5387 785 5455 cephalostrmnitmpott.est.
822 5389 1060 5454 ⁸qnosuirtusA.
1096 5388 1118 5421 ¹⁷
1135 5385 1546 5452 Ilaron.]Aeneid.V.43‘l.sqq.

248 5470 268 5505 '⁸
285 5476 367 5541 epist.
384 5472 567 5540 tealdum]
582 5474 972 5539 d.2‘2.rlug.e.1513.scripte.
989 5474 1160 5525 Cl.Streuss.
1173 5473 1194 5522 1.
1206 5472 1297 5538 psol.
1344 5470 1367 5504 ⁴³
1384 5473 1466 5521 tuus?
1481 5472 1546 5535 sort.

249 5556 364 5609 ludens.
