3625 7050
333 1199 406 1273 224
590 1211 671 1262 XCV.
691 1226 814 1262 nuaram
827 1226 864 1261 ao
877 1226 957 1262 rara.
973 1225 1072 1264 mcrrn
1086 1227 1128 1263 ar.
1149 1227 1174 1263 o.
1189 1219 1222 1261 la.
1237 1227 1300 1263 nor.
1316 1220 1374 1262 nrt.

332 1405 391 1447 uon
415 1385 481 1463 quia
505 1382 593 1442 nolim
617 1380 661 1441 vel
685 1381 867 1441 cucurbitam
890 1379 1025 1450 laudare,
1055 1385 1079 1443 si
1106 1389 1137 1442 tu
1166 1382 1310 1459 postules,
1340 1389 1391 1442 aut
1412 1380 1461 1441 ille
1484 1399 1543 1441 non
1565 1400 1621 1440 me·

332 1494 447 1563 reatum
471 1484 522 1543 sed
546 1485 613 1561 (pria
634 1485 782 1560 ingratum
805 1482 845 1541 illi
868 1484 999 1542 loturum
1016 1485 1075 1542 scio
1091 1501 1106 1542 a
1123 1503 1170 1543 nre
1187 1484 1324 1562 quicquid
1341 1485 1514 1560 acceperit;.
1529 1485 1621 1541 nescio

333 1607 389 1667 qua
412 1594 462 1646 aut
483 1584 559 1644 illius
581 1586 718 1659 opinione
740 1590 790 1643 aut
811 1602 876 1642 maa
897 1584 1024 1643 fortuna.
1069 1587 1148 1653 seio,
1173 1602 1232 1644 uon
1249 1584 1332 1645 lacile
1348 1585 1446 1645 credis
1460 1583 1540 1663 qrrod
1555 1585 1621 1642 srri-

333 1690 416 1749 bam:
439 1686 516 1747 soles
539 1693 569 1746 tn
592 1687 668 1744 enim
692 1685 790 1744 (licere
813 1683 911 1743 literas
934 1704 1033 1745 amare
1055 1685 1136 1745 illum
1160 1693 1189 1745 et
1211 1688 1326 1764 ingenia
1356 1683 1527 1762 complecti:
1555 1687 1622 1744 scri·

277 1792 402 1851 sabam
417 1798 530 1856 tarnen,
555 1795 596 1855 et,
621 1787 674 1845 nisi
698 1789 795 1844 onrnia
817 1784 932 1853 lallaut,
957 1788 1141 1874 persuadebo
1165 1790 1260 1847 etiam.
1295 1788 1380 1846 Anno
1402 1786 1510 1846 abhinc
1532 1794 1620 1849 sexto.
1725 1806 1734 1844 s

331 1910 397 1951 cum
421 1890 560 1950 bononia
582 1886 772 1946 scholasticus
794 1905 928 1963 agerem,
959 1895 1046 1965 atque
1068 1888 1115 1947 ille
1138 1887 1250 1966 legatus
1277 1888 1313 1947 ad
1336 1887 1440 1947 lulium
1463 1887 1621 1946 secundum
1702 1918 1714 1951 r

331 1993 452 2053 Caesaris
475 1987 661 2049 blaximiliani
684 1994 773 2055 esset,
809 1990 888 2048 etin
913 2008 947 2047 eo
971 1991 1074 2050 itinere
1098 1989 1261 2049 Bononiam
1286 1991 1470 2056 accessisset,
1505 1995 1622 2066 rogatus
1672 2015 1715 2047 a

330 2112 396 2155 sum
419 2111 435 2151 a
458 2091 611 2151 Germanis
634 2089 687 2156 ibi,
712 2088 948 2167 quarrdoquidcm
972 2089 1151 2150 carminibus
1174 2099 1202 2151 et
1225 2090 1406 2150 orationibus
1433 2099 1622 2150 occurrerent
1646 2106 1715 2156 ...1

332 2195 453 2255 Caesaris
474 2192 569 2270 legato
591 2188 654 2250 ltali
677 2189 776 2257 multi,
800 2209 838 2250 ne
861 2190 1008 2251 rideretur
1031 2210 1066 2251 or
1082 2193 1235 2252 Germanis
1257 2194 1326 2252 item
1348 2193 1479 2268 potuisse
1501 2191 1558 2250 lroc
1573 2210 1620 2250 ne·
1639 2228 1713 2244 —

275 2304 320 2354 §.t
331 2298 456 2363 minem,
480 2293 587 2373 aliquid
611 2299 639 2351 et
659 2294 721 2369 ipse
744 2291 963 2352 conscriberem
986 2294 1064 2371 quod
1080 2292 1120 2353 illi
1136 2294 1301 2354 ollerretnr.
1342 2294 1440 2370 parui,
1465 2292 1737 2355 obsecutus-aua

331 2416 410 2465 snm,
434 2397 641 2474 panegyricum
665 2393 735 2461 lusi;
759 2395 788 2452 in
811 2394 990 2454 membranis
1013 2397 1196 2472 conscriptus
1217 2393 1342 2471 libellus
1361 2401 1405 2453 est
1433 2402 1462 2453 et
1490 2402 1709 2471 'purpurm

331 2498 450 2558 indutus
478 2516 511 2556 ac
540 2497 677 2556 ‹leaurata
706 2496 801 2562 lrons,
838 2493 939 2555 titulus
968 2497 1072 2564 minio,
1107 2496 1218 2575 reliqua
1248 2502 1280 2555 ut
1308 2503 1468 2573 potnenmt
1499 2494 1639 2555 exculta-
1702 2548 1708 2560 ,

273 2611 292 2660 t.
301 2614 320 2654 ⁵·
331 2599 407 2660 'lum
429 2598 494 2667 illc,
516 2597 604 2677 quid‘t
627 2614 686 2655 non
709 2613 829 2672 possum
852 2596 951 2655 dicere
974 2597 1067 2664 aliud,
1092 2600 1266 2675 contempsit
1288 2616 1395 2657 munus
1411 2614 1519 2656 uacum.
1558 2595 1671 2655 Fla—
1699 2637 1708 2649 .

332 2703 416 2780 gitari
440 2700 518 2760 baud
540 2697 633 2758 multo
660 2706 741 2775 post,
777 2699 843 2775 quia
872 2700 899 2756 in
930 2701 1063 2758 maximis
1090 2717 1274 2759 summorum
1304 2701 1470 2776 principum
1499 2698 1675 2773 negotii-3
1695 2694 1725 2761 s'

328 2805 440 2862 versari
462 2802 584 2871 scirem,
619 2801 732 2877 magnis
755 2817 825 2859 usus
847 2801 1009 2859 amicornm
1032 2799 1304 2867 intercessionibus,
1338 2799 1464 2859 adscribi
1494 2801 1522 2858 in
1547 2796 1646 2857 illiu=
1679 2816 1732 2863 ,su

329 2905 514 2970 comitatum;
537 2902 590 2961 sed
613 2919 708 2980 nequo
730 2900 880 2977 impetrari
903 2899 974 2968 hoc,
1000 2919 1095 2980 neque
1118 2921 1164 2962 me
1187 2900 1248 2969 ille,
1273 2920 1340 2961 rum
1363 2900 1471 2961 militiae
1492 2918 1705 2977 agmen-7,

328 3022 442 3064 summa
465 3021 531 3063 cum
555 3004 650 3080 inopia
674 3022 707 3061 ac
729 3009 796 3061 ante
819 3003 909 3078 ipsius
931 3002 1033 3062 oculos
1061 2984 1138 3080 sapie
1165 3001 1402 3070 obambularem,
1437 3009 1488 3061 ant
1515 3000 1704 3067 salutm·
1728 3066 1734 3081 ι

328 3106 407 3164 tione
430 3112 479 3164 aut
501 3110 637 3180 respectu
660 3103 795 3182 dignatus
818 3111 874 3163 est:
909 3111 1022 3164 tantum
1045 3104 1150 3172 abluit,
1186 3105 1328 3164 bonorem
1356 3112 1389 3164 ul.
1418 3105 1543 3164 invicem
1569 3102 1703 3168 buz.

273 3206 414 3267 §.r-berea
435 3208 476 3266 sic
498 3206 535 3265 de
557 3225 588 3266 se
611 3207 723 3265 merito.
769 3204 843 3265 Huic
865 3213 896 3264 tu
919 3207 961 3264 vis
988 3203 1079 3265 libros
1106 3224 1188 3265 meos
1215 3204 1355 3272 adscribi,
1389 3213 1439 3265 aut
1466 3205 1547 3265 bunc
1573 3222 1700 3269 urle

327 3307 405 3368 voles
428 3308 553 3366 ornaret
577 3308 739 3384 prasertim
763 3290 829 3366 curn
852 3306 909 3366 boc
932 3304 979 3365 ille
1000 3325 1060 3365 non
1085 3307 1228 3384 postulet,
1257 3309 1361 3385 utqui
1384 3306 1463 3366 domi
1486 3326 1546 3368 snae
1567 3307 1722 3370 bzaar

240 3391 245 3404 ’
326 3409 394 3469 beat
416 3410 464 3488 qui
487 3407 544 3466 boc
567 3409 689 3476 laciunt,
714 3406 794 3467 illum
819 3409 951 3486 inprimis
973 3407 1191 3477 Rartbolinum,
1216 3416 1390 3487 conventum
1406 3408 1610 3486 Angustensc!
1656 3431 1693 3471 -or

327 3512 377 3591 qui
399 3509 568 3587 descripsit,
602 3508 653 3570 nbi
674 3517 787 3570 tantum
811 3508 891 3570 illum
922 3509 1020 3578 cllert,
1055 3517 1087 3569 ut
1116 3529 1174 3570 non
1204 3511 1352 3570 modicum
1382 3508 1445 3570 aliis
1475 3494 1688 3574 detrabffiat

270 3612 372 3673 §.r-Me
395 3612 513 3692 quidem
535 3630 621 3671 suum
644 3611 770 3690 appellat
792 3610 877 3680 inibi,
913 3618 994 3671 ratus
1022 3613 1064 3670 sic
1092 3611 1155 3671 lore
1183 3620 1215 3673 ut
1237 3630 1296 3671 uon
1325 3614 1449 3671 sentiam
1472 3610 1684 3676 occulta-m

323 3801 526 3812 ——-

390 3918 499 3984 ¹quum
519 3922 592 3968 7...9.
610 3933 718 3981 semper.
772 3913 931 3981 seeundum]
944 3917 979 3966 ΙΙ.
994 3921 1066 3967 7...9.
1117 3916 1207 3966 ¹eraso
1220 3916 1254 3966 B.
1308 3916 1480 3966 ⁸0rationib.
1500 3915 1672 3981 occur-r]

323 4005 367 4054 lta
386 4021 410 4053 e.
430 4022 470 4069 gr.
490 4004 568 4052 XXII
594 4003 750 4051 ‘Orationes
768 4002 883 4051 Viennae
902 4002 1022 4051 Arrstriae
1043 4003 1077 4050 nd
1095 4003 1196 4050 Divum
1214 4000 1434 4050 Maximilinnum
1454 4001 1524 4051 Cres.
1544 4002 1666 4064 dmg.

324 4088 448 4152 aliosque
473 4088 672 4137 illustrissimos
695 4086 852 4151 Principes,
878 4085 991 4136 habitae.
1024 4088 1056 4136 ln
1075 4085 1255 4135 celeberrimo
1274 4084 1357 4133 trium
1374 4086 1481 4150 Regum
1500 4085 1663 4134 adt'affa

323 4178 469 4221 conuentu.
489 4173 567 4221 Anno
579 4171 732 4221 M.D.XV.‘
756 4172 829 4220 inter
847 4185 915 4234 quaa
935 4171 1019 4220 etiarn
1035 4170 1153 4219 Vadiani
1171 4168 1310 4219 nonnullae
1328 4169 1471 4234 leguntur,
1492 4170 1662 4217 ‘l'ienJue

322 4257 474 4307 Pannoniae
497 4274 547 4321 per
569 4258 766 4318 Hieronymum
791 4256 931 4305 Victorem
947 4291 953 4303 .
969 4258 1105 4305 ..Mense
1125 4254 1255 4303 Ianuario
1274 4253 1363 4303 Anno.
1383 4257 1512 4304 mnam?
1531 4256 1555 4301 in
1630 4249 1658 4296 ⁴⁰.

321 4341 489 4405 prodierunt.
510 4342 545 4389 Et
564 4340 696 4389 eiusmodi
715 4340 868 4389 orationum
888 4355 921 4389 ac
941 4341 1091 4389 carminum
1110 4340 1223 4389 seorsim
1241 4338 1445 4403 publicatorum
1455 4353 1552 4403 magna
1592 4348 1656 4380 ⁸²⁰·

321 4426 369 4489 pia
388 4428 476 4485 extat,
508 4425 649 4488 multaque
672 4426 701 4473 in
719 4426 913 4473 historicorum
932 4427 1133 4490 promptuarios
1145 4424 1230 4473 libros
1243 4429 1444 4486 congesserunt
1456 4422 1593 4472 Scharcffi
1623 4431 1654 4469 us

320 4508 472 4569 Probatus,
492 4508 630 4570 Struvius,
651 4508 711 4560 alii.
776 4506 797 4541 ¹²
816 4506 859 4573 ac]
880 4516 910 4558 at
923 4513 947 4557 6.
1013 4508 1031 4541 ¹¹
1051 4509 1250 4575 negociish'd.
1305 4506 1326 4539 ¹⁸
1343 4507 1454 4557 militiae
1474 4496 1654 4573 agereml?

321 4611 354 4643 rm
368 4593 497 4643 militiam
510 4595 570 4645 sivo
584 4594 699 4643 militem
714 4599 843 4659 agerem?
882 4594 901 4626 ²¹
922 4594 1054 4645 Ricbardi
1066 4593 1224 4643 Bartholini
1237 4591 1389 4654 (Perusini)
1402 4592 1457 4642 riri
1476 4590 1580 4640 emdit:
1593 4584 1652 4632 ἰεῦ·

321 4678 354 4728 de
374 4685 511 4728 conventu
529 4679 698 4745 augustensi
718 4679 854 4749 concinna
872 4679 970 4739 deser„
991 4680 1073 4729 rebus
1093 4682 1177 4728 etiam
1197 4684 1335 4728 externat.
1355 4677 1480 4741 gerulum
1499 4691 1558 4740 qua
1618 4667 1650 4714 ¹¹¹·

319 4764 400 4813 terim
418 4769 586 4828 gestarunt,
607 4780 667 4813 cum
682 4763 825 4827 elegantia
837 4764 1003 4814 intersertis.
1017 4780 1038 4812 s.
1053 4763 1070 4812 l.
1085 4769 1113 4812 et
1126 4780 1150 4812 a.
1170 4763 1206 4811 4⁰.
1220 4780 1246 4828 p.
1260 4761 1308 4811 ult.
1323 4761 1448 4826 (repetit.
1461 4776 1505 4826 ap.
1518 4749 1648 4809 smel

319 4849 395 4898 born.
414 4850 555 4899 Amoenitt.
569 4850 605 4898 11.
628 4866 654 4913 p.
667 4846 816 4908 ooo...mu.,
848 4850 916 4897 item
929 4864 973 4914 ap.
988 4848 1186 4913 Senekenberg
1209 4846 1264 4896 Sel.
1283 4848 1335 4895 iur.
1355 4851 1384 4894 et
1401 4845 1467 4894 hist.
1488 4852 1548 4894 lom.
1600 4833 1647 4883 Ἠ·

318 4933 363 4982 uf.
378 4932 450 4982 1738.
470 4933 505 4982 8⁰.
525 4950 550 4998 p.
564 4931 718 4996 oar...o80.)
742 4933 799 4993 „nt
816 4934 840 4981 si
859 4948 909 4982 nos
927 4933 1012 4982 multa
1031 4948 1084 4982 non
1103 4933 1184 4981 inriti
1203 4931 1420 4996 praeterivimus,
1445 4918 1646 4995 quandoqn·

318 5018 400 5081 „dem
413 5017 536 5067 nonnulli
551 5020 688 5082 cprraepinm
702 5022 785 5081 atque
798 5019 937 5067 Huttenns
951 5033 1027 5067 meus
1047 5018 1180 5083 imprimis
1199 5021 1227 5065 et
1245 5031 1359 5065 munera
1372 5013 1571 5065 Reverendiss
1582 5003 1645 5053 3¹¹⁰

318 5102 482 5163 „Cardinnli
496 5103 658 5167 blegnntino
677 5102 743 5151 data
762 5107 790 5151 et
807 5102 879 5151 hune
899 5109 1077 5163 conventum,
1098 5103 1281 5152 Romanorum
1300 5116 1394 5166 regem
1413 5100 1567 5165 parturient
1577 5094 1641 5137 ¹¹¹¹

317 5186 517 5251 „descripserit
531 5224 536 5236 .
552 5224 557 5235 .
573 5190 600 5234 .'’
619 5187 706 5236 Extat
725 5187 810 5236 etiarn
829 5188 951 5237 ciusdem
969 5188 1068 5237 Oratio
1087 5188 1122 5236 ad
1140 5188 1209 5252 Imp,
1234 5186 1305 5235 Cae.
1325 5184 1517 5235 blaximilianir
1537 5181 1637 5235 Aur·

318 5286 352 5320 ac
373 5269 503 5335 potantis.
529 5271 708 5324 Germanicia
732 5271 891 5335 Principes,
917 5273 950 5321 de
979 5272 1154 5336 expeditione
1175 5277 1271 5320 contra
1289 5270 1396 5319 Turcao
1424 5255 1633 5334 suscipient·-

315 5356 385 5420 nug.
399 5356 478 5405 mn.
494 5372 538 5420 ap.
553 5352 628 5406 orani
644 5356 666 5406 a
685 5357 823 5420 tt'iraung.
851 5355 923 5405 rara
944 5356 982 5405 rr.
997 5358 1073 5421 sep.
1093 5357 1129 5405 n.
1149 5355 1280 5404 arannem
1294 5354 1499 5419 noaoeponcon
1513 5339 1628 5402 cardi·

316 5439 389 5489 nalis
409 5439 557 5490 Gnreensis
582 5457 641 5490 eum
661 5442 747 5492 variis
767 5441 935 5490 carminibus
954 5443 1102 5506 repetitum
1126 5445 1169 5489 cst
1187 5442 1215 5490 in
1233 5441 1297 5490 lter.
1317 5440 1505 5490 Germanicae
1532 5433 1620 5482 ΒΜ·

317 5539 350 5573 ex
369 5523 434 5574 bibl.
448 5526 563 5574 Frelreri
582 5540 639 5581 cur.
651 5528 688 5599 B.
708 5527 740 5577 G.
760 5528 884 5591 morcio,
904 5533 969 5577 tom.
984 5528 1020 5576 Il.
1039 5527 1184 5593 Argentor.
1202 5523 1275 5575 1717.
1296 5523 1345 5576 lul.
1365 5521 1532 5593 p.ola...or2.
