3625 7050
311 1204 383 1278 300
477 1218 627 1271 cxxxlu.
648 1236 703 1271 sie..
718 1235 845 1271 ascraeus
861 1235 981 1272 aauaarr
996 1236 1076 1273 onir.
1091 1238 1126 1273 os
1140 1238 1211 1274 nvos
1226 1229 1423 1275 wreruueaeo.

309 1396 430 1455 tionibus
453 1396 526 1470 qrrod
549 1414 685 1470 utinquam
715 1403 887 1470 persuaserat
913 1397 1034 1470 agendo,
1064 1396 1116 1453 hoc
1144 1414 1206 1453 mox
1235 1399 1396 1472 persuadet,
1423 1414 1484 1453 cram
1514 1395 1599 1454 calco·

309 1483 475 1558 graphornm
503 1482 643 1556 diligentia
673 1482 892 1538 distraherentur
920 1483 1033 1538 edendo.
1079 1481 1144 1539 nihil
1174 1500 1290 1556 tanquam
1318 1483 1413 1539 maiori
1443 1483 1539 1557 plausu
1574 1483 1598 1538 in

309 1568 447 1624 hominum
470 1585 565 1623 ritanus
587 1576 711 1628 venerat,
741 1585 800 1623 eum
823 1568 855 1622 ad
879 1567 1015 1641 exemplar
1037 1567 1248 1640 Philippicarum
1271 1569 1363 1640 quasi,
1392 1568 1414 1623 si
1438 1568 1481 1622 dis
1504 1567 1598 1641 placet,

309 1654 417 1726 scriptae
440 1653 631 1708 indicarentur.
677 1652 767 1724 itaquo
791 1648 915 1724 legebant
939 1669 1118 1724 magnacum
1141 1654 1242 1724 gratia,
1266 1653 1324 1709 sola
1345 1654 1466 1708 novitate
1483 1652 1598 1706 iai‘rirem

308 1738 478 1795 conciliante.
522 1737 578 1794 lloc
601 1737 681 1793 etiam
704 1736 817 1791 subinde
840 1736 1010 1792 orationibus
1033 1753 1118 1792 ltttt'tts
1141 1737 1265 1811 dialogos
1288 1737 1431 1794 adjiciente
1446 1743 1475 1793 et
1491 1738 1686 1810 quidem&
1717 1764 1731 1774 -

309 1823 488 1884 tersissimos,
513 1821 631 1877 famosos
654 1820 762 1876 libellos
786 1821 895 1884 edente,
926 1821 1037 1877 crimina
1060 1821 1246 1894 contingente,
1276 1840 1383 1878 causam
1407 1821 1490 1878 occisi
1513 1821 1600 1877 affinis

308 1909 364 1969 sui,
400 1925 480 1980 quam
503 1907 608 1962 tunicam
631 1906 788 1962 criminandi
812 1923 902 1961 ansam
926 1905 1034 1968 habuit,
1069 1916 1232 1969 exstruante,
1267 1907 1383 1963 habetur
1409 1907 1443 1962 ab
1475 1906 1600 1962 universo

309 2001 442 2048 terrarum
466 1990 532 2047 orbe
555 1991 721 2047 miserrimus
745 1991 871 2064 princeps
892 1991 930 2051 is,
960 2009 1039 2063 quaem
1068 1991 1191 2064 depingit
1214 1991 1345 2065 tingitque
1368 1991 1450 2047 fallax
1479 1991 1600 2064 ingenio·

308 2077 407 2132 sissimi
431 2084 519 2149 poetae
541 2075 688 2148 ingenium.
733 2075 843 2148 lguorat
865 2076 991 2148 princeps
1014 2075 1077 2130 extil
1098 2076 1178 2131 etiam
1208 2077 1296 2150 poetis
1324 2095 1354 2132 sc
1384 2074 1501 2132 fabulam
1531 2093 1598 2132 esse.

308 2161 417 2233 ignorat
439 2178 468 2215 se
491 2160 749 2218 iactammateriam
773 2160 950 2232 pessimarum
972 2160 1211 2222 declamationum,
1243 2162 1349 2216 nemine
1376 2178 1437 2234 (puae
1460 2161 1488 2214 in
1512 2160 1598 2233 ipsum
1671 2169 1730 2209 10

308 2245 404 2301 herent
426 2246 530 2300 reierre
553 2244 675 2299 audente.
714 2244 775 2316 quis
798 2245 868 2299 onim
884 2252 1047 2318 praesentem
1063 2263 1153 2300 rerum
1168 2244 1347 2301 calamitatem
1362 2246 1441 2305 novis
1456 2243 1600 2300 calumnia·

309 2347 367 2385 rum
383 2328 581 2385 calamitatibus
597 2329 727 2401 angeret?
751 2327 809 2396 Quo
825 2328 915 2383 miurus
931 2331 980 2385 scit
998 2347 1058 2401 «puae
1075 2338 1199 2402 agantur,
1217 2347 1249 2386 eo
1266 2331 1355 2385 nriuus
1371 2348 1441 2404 opus
1456 2328 1540 2385 habet
1554 2329 1598 2382 de·

307 2414 445 2476 tensione,
462 2432 494 2470 eo
509 2413 630 2470 deterior
645 2413 703 2468 eius
719 2412 749 2468 lit
764 2430 843 2468 causa
859 2414 930 2487 apud
946 2431 1006 2469 eum
1023 2415 1187 2488 principem,
1210 2433 1225 2470 a
1240 2433 1295 2487 quo
1311 2414 1378 2470 nihil
1394 2422 1539 2487 expectare
1554 2431 1612 2487 po-

307 2507 387 2562 terat,
404 2516 484 2572 quam
500 2498 558 2554 iure
575 2497 776 2553 restitutionem
792 2515 886 2553 eorum
902 2516 963 2571 quan
978 2499 1002 2552 ri
1019 2507 1096 2554 erant
1113 2500 1244 2572 attempta.
1261 2499 1307 2554 sed
1325 2499 1387 2555 sicit
1401 2498 1521 2571 diligens
1536 2498 1629 2553 insi—

306 2583 402 2639 dorum
426 2583 589 2640 obtrectatio
604 2582 674 2656 apud
691 2582 882 2656 imperatorem
898 2591 925 2638 et
941 2583 1077 2655 poeticum
1094 2583 1231 2656 ingenium
1246 2585 1317 2658 apud
1332 2584 1476 2638 universos
1491 2583 1616 2637 Genna-
1689 2589 1721 2627 ¹³

306 2667 359 2724 niae
382 2685 510 2741 proceres
526 2675 552 2723 et
569 2684 662 2722 omnes
679 2684 748 2740 pene
764 2667 895 2722 nationes.
933 2666 1084 2723 Profitebar
1100 2685 1133 2723 eo
1150 2676 1272 2742 ternpore
1288 2669 1314 2723 in
1329 2667 1506 2741 Parpsiorum
1521 2667 1671 2722 bute—

306 2753 363 2814 cia,
380 2769 459 2824 quam
475 2751 569 2807 urbem
584 2750 700 2824 Europae
715 2752 800 2807 totius
818 2752 953 2807 theatrum
969 2770 1023 2807 uon
1040 2752 1137 2807 iniuria
1153 2753 1214 2826 quis
1229 2753 1341 2814 dixerit,
1358 2753 1390 2807 ad
1406 2752 1481 2824 quod
1496 2759 1676 2824 specta—

308 2845 363 2892 tum
380 2837 498 2910 undique
519 2844 623 2893 crrnctro
645 2853 715 2909 pene
738 2836 861 2892 nationes
884 2836 1003 2892 veniunt.
1044 2854 1099 2892 non
1119 2838 1193 2899 dico,
1218 2838 1279 2910 quia
1296 2838 1361 2892 satis
1377 2836 1469 2893 dicere
1484 2852 1591 2908 nequeo
1669 2878 1679 2898 ,

307 2929 437 2994 quantum
453 2922 599 2977 autoritate
615 2920 731 2980 valeret.
756 2928 885 2993 quantum
909 2920 960 2976 fide
975 2918 1092 2994 polleret
1107 2921 1177 2994 apud
1194 2939 1288 2977 omnes
1304 2923 1326 2976 is
1349 2922 1396 2994 qui
1420 2921 1524 2994 ingenii
1539 2921 1680 2975 iles—-·

308 3006 416 3062 teritate
439 3013 466 3060 et
489 3004 652 3078 eloquentia
674 3004 776 3060 uiribus
796 3013 823 3060 et
838 3005 1037 3061 mendaciorum
1055 3006 1117 3061 iuro
1131 3023 1239 3062 causam
1254 3006 1361 3062 duhiam
1377 3003 1684 3079 probabiliorem.
1699 3008 1720 3046 ²0

307 3089 435 3145 humilem
458 3089 657 3151 sublimiorem,
682 3089 778 3145 bonam
802 3098 829 3145 et
852 3089 994 3144 honestam
1017 3090 1179 3145 deteriorem
1197 3090 1285 3147 lacere
1301 3091 1399 3164 potuit.
1439 3087 1586 3162 legebantu
1600 3105 1686 3145 ar

307 3174 364 3231 haec
386 3190 485 3247 magno
508 3192 568 3230 cnm
592 3173 688 3247 plausu
711 3174 782 3247 apud
805 3173 897 3228 Gallus
929 3182 956 3229 et
979 3174 1138 3247 llyspanos,
1165 3175 1387 3231 distrahebantur
1415 3173 1487 3248 apud
1517 3173 1689 3229 diser--

308 3259 428 3314 sissimas
452 3259 591 3319 nationes,
615 3257 794 3313 mittebantur
815 3259 958 3314 conrmissa
982 3258 1069 3314 literis
1085 3258 1118 3314 ad
1133 3260 1247 3321 amicos,
1271 3259 1347 3332 quasi
1365 3257 1532 3331 typographi
1548 3275 1690 3316 notan

307 3344 374 3399 satis
396 3344 559 3400 excuderent
587 3343 767 3416 pessimorum
796 3343 990 3416 exemplorum.
1035 3344 1197 3399 serebantur
1224 3343 1282 3399 ltali
1312 3342 1428 3399 alterurn
1457 3342 1691 3402 uaronerna.

307 3428 501 3485 execrabantur
523 3427 605 3483 Siculi
627 3445 725 3482 norum
747 3427 916 3500 Dionysium,
947 3427 1118 3500 trepidabant
1145 3428 1281 3491 Britanni,
1311 3446 1345 3488 ne
1374 3445 1406 3483 ex
1435 3434 1518 3482 autre
1548 3427 1640 3480 istu
1661 3434 1714 3484 ,aas

306 3512 416 3572 Patricii
438 3513 519 3569 etiam
543 3511 593 3568 sibi
618 3512 804 3586 l'p'rannorum
829 3512 962 3586 urrispiam
991 3520 1156 3569 nasceretur.
1202 3512 1328 3587 qrriequid
1357 3512 1464 3574 odium,
1496 3511 1628 3569 insidii
1649 3516 1691 3576 .ia,

307 3598 495 3655 malevolentia
519 3606 545 3653 et
568 3597 657 3653 ailinis
680 3598 742 3652 eaesi
765 3596 845 3653 dolor
867 3597 1033 3653 comminisci
1057 3607 1187 3670 potuere.
1216 3598 1386 3658 Phalaridas,
1411 3595 1689 3669 Agathocleae

306 3685 417 3746 Atreus,
441 3683 587 3756 Tlryestes,
610 3681 790 3755 Ppsistratos,
816 3682 963 3754 Typhaeos,
992 3684 1140 3755 Astyages,
1169 3682 1326 3756 Cambyses,
1357 3681 1506 3755 Tyberios,
1535 3682 1568 3735 Ca
1586 3685 1688 3741 mli-

307 3767 384 3841 gulas
401 3776 428 3822 et
444 3767 624 3827 Domitianos,
642 3766 761 3821 omnium
777 3766 1031 3822 immanissimorum
1048 3767 1177 3821 immanes
1193 3766 1301 3822 irarores
1316 3774 1341 3821 et
1361 3766 1459 3828 lurias,
1482 3765 1683 3825 omnia-nam

306 3852 482 3908 crudelitates
505 3860 532 3907 et
556 3851 670 3906 ferocias
694 3851 719 3905 in
743 3867 825 3905 arnum
848 3852 1001 3923 congessit,
1031 3850 1184 3924 compegit,
1212 3852 1377 3907 coacervarit
1401 3868 1482 3923 aqrro
1505 3849 1578 3906 crat(
1603 3856 1702 3911 :leae

307 3936 361 3992 lior
384 3936 493 3992 haturus
517 3935 591 3990 ultor
613 3935 775 4009 propinquae
804 3935 878 3990 necis
906 3944 1004 4007 poeta,
1035 3936 1112 3990 cuius
1140 3935 1269 3991 landarim
1298 3935 1423 4007 equidem
1453 3934 1609 4007 ingenirr
1640 3958 1672 4000 rui,

307 4020 444 4094 probaram
468 4021 665 4081 inventionem,
695 4018 833 4091 amplexus
861 4018 911 4074 sim
940 4019 1133 4082 eruditionem,
1163 4020 1186 4075 si
1214 4037 1267 4075 non
1295 4017 1385 4074 dolori
1416 4018 1528 4074 nimium
1555 4045 1568 4060 ·
1635 4024 1668 4078 de

305 4105 404 4167 disset,
429 4105 450 4160 si
474 4105 636 4160 innocentiae
660 4103 826 4177 pepercisset
850 4102 993 4177 principis,
1025 4104 1047 4158 si
1069 4122 1176 4159 causam
1199 4121 1255 4159 non
1276 4103 1351 4159 valde
1378 4102 1478 4158 bonam
1508 4111 1553 4175 teg
1629 4125 1663 4162 erc

306 4206 386 4261 quam
409 4189 560 4262 producere
583 4188 609 4242 in
632 4188 719 4243 lucem
742 4187 898 4248 maluisset,
928 4194 955 4244 et
984 4188 1116 4244 rationem
1146 4187 1245 4244 habere
1273 4190 1332 4244 eius
1356 4188 1461 4242 triveris
1483 4187 1658 4261 pulcnri·

305 4272 421 4334 tudinis,
445 4290 525 4345 quam
548 4289 602 4327 non
624 4273 682 4327 sine
704 4290 783 4328 causa
806 4280 950 4345 tantopere
970 4273 1148 4328 commendat.
1184 4273 1242 4327 Non
1258 4289 1371 4346 possum
1386 4272 1527 4345 eqrridem,
1569 4275 1674 4327 *iris

309 4356 490 4416 ornatissimi.
506 4356 646 4412 continere
663 4374 704 4412 me
720 4357 772 4412 hoc
788 4356 862 4418 loco,
887 4374 969 4430 quum
986 4358 1103 4413 fortunae
1118 4358 1197 4412 istius
1214 4357 1400 4430 iniquissimos
1415 4373 1496 4412 casus
1511 4366 1648 4412 moentc

307 4449 411 4513 repeto,
436 4440 500 4513 quin
525 4440 598 4496 valde
621 4441 730 4497 alliciar.
768 4442 845 4497 video
867 4441 1002 4497 hominem
1018 4443 1129 4515 egregie
1151 4441 1286 4497 cruditum
1302 4458 1357 4496 non
1373 4441 1441 4496 satis
1456 4441 1526 4497 bene
1540 4440 1644 4513 tau-

305 4524 439 4581 cherrima
462 4523 551 4580 studia
573 4525 720 4587 collocare,
744 4527 806 4580 diam
830 4527 856 4580 in
881 4526 954 4580 enini
977 4527 1140 4599 optimarum
1162 4525 1365 4599 disciplinarum
1388 4543 1491 4598 genere
1513 4543 1556 4580 re—
1578 4541 1641 4577 rsa·

306 4618 350 4664 tus
373 4609 409 4664 ita
434 4627 554 4683 {irreceps
577 4610 682 4683 rapitur
703 4617 730 4666 et
753 4609 836 4677 nrdla
850 4610 962 4666 allectus
986 4628 1051 4665 suos
1074 4611 1179 4666 ratione
1201 4627 1390 4684 compescere,
1415 4609 1492 4666 utdlo
1514 4609 1637 4664 fraeno

305 4694 382 4750 ieron
398 4693 534 4767 ingenium
551 4694 699 4754 moderari,
723 4694 797 4749 irrilla
812 4703 871 4749 arte
887 4702 1004 4750 mentem
1026 4696 1137 4750 domare
1150 4688 1198 4749 ¹aut
1215 4702 1367 4768 temperare
1383 4702 1485 4769 potest.
1518 4711 1534 4748 o
1599 4690 1658 4744 urite

305 4795 382 4835 seros
405 4778 512 4835 labores
535 4798 596 4841 eos,
620 4797 650 4834 ex
668 4777 843 4852 quibusdum
860 4778 977 4834 fructum
1001 4781 1141 4853 percipere
1162 4778 1322 4835 taruanensis
1338 4779 1472 4835 rationem
1488 4773 1631 4833 urenti.

305 4864 371 4920 nihil
394 4864 422 4919 in
444 4880 544 4941 mores
560 4863 703 4925 coalescit,
733 4870 760 4918 et
783 4864 856 4935 qrrird
878 4863 998 4918 deterius
1022 4873 1075 4926 est,
1103 4882 1163 4920 curu
1186 4864 1348 4920 ferociorem
1371 4872 1495 4919 naturam
1515 4863 1628 4928 uasti

304 4948 400 5009 lectio,
425 4948 497 5021 quod
520 4948 581 5003 iude
603 4948 647 5009 lit,
670 4948 733 5003 dum
757 4948 830 5021 quod
845 4956 949 5002 naturae
965 4956 1067 5004 nostrae
1082 4943 1443 5022 corrvenit,'approhamus;
1467 4944 1578 5021 quod
1592 4939 1625 4995 ad·

304 5050 429 5095 monere,
452 5032 551 5088 docere
566 5042 594 5090 et
615 5032 755 5104 corrigere
777 5032 860 5105 inque
882 5032 951 5087 viam
974 5032 1103 5089 reducere
1125 5031 1240 5088 debebat
1261 5032 1427 5106 despicimus
1449 5072 1537 5086 ....

372 5261 527 5327 ⁸mendex]
549 5263 636 5313 fallax
650 5266 675 5312 2.
728 5260 739 5293 ⁹
758 5261 829 5327 exul]
847 5264 1001 5313 mendacium
1017 5267 1078 5314 dicit
1095 5271 1200 5315 orator:
1218 5271 1268 5313 taen
1285 5266 1408 5330 princeps
1420 5264 1541 5316 nondun
1562 5259 1611 5305 fat!

301 5348 388 5409 sactus
399 5354 465 5396 erat.
531 5345 729 5398 ¹⁰materioA.
782 5345 804 5377 ¹⁵
823 5347 1033 5397 execrabantur.
1053 5348 1139 5398 Siculi
1152 5350 1186 5399 A.
1240 5353 1321 5398 antro
1340 5346 1404 5414 isto]
1423 5338 1601 5398 Chllutlffll

306 5431 468 5481 Phaloriam.
482 5433 506 5493 5.
522 5430 544 5479 l.
596 5428 619 5461 ²⁸
637 5431 747 5480 Tiestes
761 5432 794 5479 A.
807 5417 932 5493 'lyestos
945 5435 970 5481 2.
