3625 7050
331 1215 402 1272 CVI.
421 1233 567 1273 aversare
582 1232 695 1271 craecis
708 1232 850 1272 oanuaurs
865 1231 887 1271 s.
918 1234 1030 1273 ariaco.
1044 1233 1165 1272 sxaoar.
1180 1235 1205 1273 c.
1218 1233 1298 1275 aruc.
1319 1227 1376 1273 15¹9.
1429 1203 1496 1280 2⁴11
1512 1215 1529 1225 “

225 1398 350 1470 tugnstae
372 1391 427 1451 luit
448 1397 548 1452 astate
570 1390 715 1468 superiori
742 1390 909 1468 principum
938 1408 972 1451 ac
999 1389 1100 1469 populi
1126 1392 1264 1452 Germani
1292 1394 1423 1467 comitio,
1452 1394 1505 1453 sed

225 1499 241 1551 =t
262 1493 381 1570 scriptis
403 1491 533 1553 habitam
557 1493 647 1552 edere
668 1492 888 1569 proposuissem
912 1511 947 1553 eo
970 1493 1163 1553 confidentius
1185 1493 1263 1571 quod
1290 1494 1429 1571 putabam
1457 1514 1504 1554 me

225 1600 329 1668 ‚ratum
352 1593 409 1653 hoc
431 1594 586 1654 Germanis
608 1593 744 1653 omnibns
767 1594 876 1663 lacere,
909 1601 941 1654 ut
963 1595 1012 1672 qni
1034 1595 1064 1653 in
1087 1612 1242 1654 commuue
1270 1594 1453 1656 consulerem
1476 1604 1505 1656 ct

225 1712 276 1754 em
298 1695 418 1755 interim
439 1693 520 1754 nullo
542 1693 661 1771 quidem
683 1712 755 1753 sano
778 1693 914 1764 consilio,
944 1713 1045 1755 verum
1068 1700 1119 1754 aut
1140 1694 1344 1755 imbecillitatis
1366 1698 1433 1756 vitio
1455 1706 1506 1757 ant

228 1794 350 1856 dulandi
372 1795 469 1856 studio
491 1794 633 1855 hactenus
656 1797 789 1856 evitatam
811 1797 924 1873 primns
947 1803 976 1855 et
997 1796 1176 1874 aggrederer
1198 1803 1227 1856 et
1247 1815 1438 1875 usurparem,
1461 1798 1504 1858 id-

225 1915 268 1976 pre
285 1904 321 1957 et
343 1904 510 1976 opportuno
532 1903 667 1973 tempore
689 1903 717 1955 et
739 1895 816 1955 bona
838 1904 871 1956 ut
892 1915 1022 1974 unquam
1045 1884 1199 1957 occasione
1221 1899 1283 1958 lrcri
1306 1906 1376 1959 tnnc
1396 1908 1503 1977 posset,

227 2005 401 2058 ccesserunt
422 2016 470 2058 me
492 2016 527 2058 ex
550 1998 651 2056 amicis
673 1996 808 2075 quidam,
839 1997 954 2057 solliciti
976 1996 1017 2057 illi
1039 1998 1076 2058 de
1097 1997 1190 2059 salute
1218 2000 1351 2076 prolecto
1378 2019 1443 2060 mea
1466 2010 1504 2068 ct,

225 2105 243 2159 t
263 2097 349 2159 multi
372 2098 515 2177 putabant
536 2115 601 2158 esse
623 2104 773 2175 tempora,
802 2097 882 2159 utilia
905 2099 1078 2168 suadentes,
1106 2100 1156 2177 qni
1177 2099 1367 2160 vehementer
1389 2100 1425 2160 ab
1448 2102 1505 2161 lmc

225 2201 343 2261 nstituto
365 2198 567 2268 deterrebant,
601 2200 665 2259 lore
687 2206 837 2276 prorantes,
872 2208 904 2261 nt
931 2202 998 2278 qnia
1026 2201 1126 2260 insunt
1148 2200 1282 2278 quaedam
1304 2203 1429 2262 orationi
1450 2203 1504 2280 ipsi

225 2319 239 2360 n
261 2309 371 2362 statum
390 2300 555 2362 Romanum
578 2298 716 2359 liberiora
739 2319 827 2379 qnam
849 2300 944 2361 malus
966 2300 1069 2379 aliquis
1090 2303 1221 2378 pontilex
1243 2304 1323 2363 lerre
1344 2304 1448 2380 possit,
1471 2312 1504 2363 ut

225 2401 283 2485 nibl
304 2400 469 2479 periculum
490 2401 559 2463 inde
581 2409 630 2461 aut
653 2409 765 2461 certum
789 2401 875 2462 etiam
897 2401 1007 2461 malum
1030 2403 1190 2479 proveniat.
1234 2403 1336 2473 Parni,
1367 2412 1400 2464 ut
1421 2413 1558 2471 tnnctt.

225 2500 329 2563 ilerum
358 2490 562 2572 admonitioni,
597 2501 735 2580 precibus
768 2502 855 2562 etiam
889 2503 1142 2573 contendentium,
1179 2505 1288 2582 qnicpue
1322 2509 1384 2564 erat
1417 2506 1505 2565 animi

225 2602 350 2664 rdorem
378 2605 498 2664 restinxi
526 2623 560 2664 ac
586 2623 634 2664 me
657 2605 719 2681 ipsc
742 2604 882 2663 continui.
928 2603 1011 2672 Quod
1028 2611 1060 2664 ut
1074 2621 1152 2682 aegre
1174 2605 1245 2672 leci,
1268 2605 1306 2663 ita
1330 2604 1407 2665 hand
1429 2604 1504 2665 mul·

225 2722 273 2764 um
296 2704 348 2765 diu
367 2705 467 2773 ,lacere
489 2704 580 2783 potui.
624 2711 657 2764 ut
686 2705 815 2783 cogitare
842 2704 920 2764 enim
950 2706 1024 2782 coepi
1047 2711 1156 2783 quanto
1178 2705 1329 2765 honestius
1354 2707 1391 2765 sit
1413 2723 1504 2784 quan·
1558 2714 1562 2726 '

225 2822 395 2886 mucuuque
417 2824 548 2884 prasens
571 2804 648 2865 ultro
671 2804 752 2866 adire
775 2805 947 2873 discrimen,
976 2812 1008 2865 ut
1033 2807 1135 2882 patriae
1163 2807 1274 2883 prosis,
1304 2824 1391 2885 quam
1419 2806 1504 2867 saluti

225 2909 339 2985 copriaa
361 2906 531 2977 consulere,
565 2906 636 2966 dum
663 2907 739 2967 banc
767 2905 885 2984 publico
915 2906 1070 2966 commodo
1098 2913 1127 2966 et
1149 2909 1276 2966 maximo
1298 2909 1326 2967 in
1349 2927 1382 2968 rc
1404 2927 1505 2968 neccs-

225 3009 286 3068 aria
308 3009 478 3069 adiumento
510 3008 643 3076 iraudcs,
678 3008 798 3067 excitari
823 3008 887 3084 ipse
915 3025 962 3066 me
990 3026 1025 3067 ac
1051 3009 1235 3077 confirmavi,
1268 3008 1314 3068 bis
1341 3010 1503 3087 praesertim

226 3107 355 3169 ousiliis:
388 3113 517 3188 primum
545 3126 672 3186 namque
700 3109 736 3168 ad
759 3107 924 3186 periculum
947 3109 1025 3187 quod
1057 3110 1235 3187 pertinebat,
1270 3110 1453 3181 confidebam
1475 3111 1504 3170 id
1517 3119 1563 3169 §.a

225 3208 297 3270 lane
319 3206 433 3271 nullum
456 3229 536 3278 csse,
570 3228 638 3269 cnm
666 3211 745 3289 quod
773 3228 807 3269 aa
835 3211 911 3270 iusta
940 3218 984 3270 est
1012 3218 1041 3270 et
1062 3212 1225 3271 necessaria
1255 3231 1290 3271 ac
1312 3213 1431 3272 minime
1453 3231 1504 3290 pe·

225 3310 307 3373 ulans
329 3311 475 3373 censenda
498 3329 554 3390 qua
578 3310 618 3370 ibi
640 3319 707 3372 ntor
729 3310 862 3380 libertas,
886 3319 949 3372 tum
972 3312 1051 3389 quod
1073 3314 1183 3391 optima
1204 3313 1275 3372 mihi
1297 3322 1325 3374 et
1340 3315 1503 3393 aequissima

225 3431 329 3492 emper
350 3414 447 3473 omnia
476 3413 513 3473 de
534 3413 633 3473 Leone
654 3412 689 3472 x.
712 3414 854 3489 persuasi.
899 3430 987 3492 quem
1015 3420 1128 3474 tarnum
1157 3413 1241 3474 abest
1267 3421 1299 3473 ut
1328 3416 1356 3474 in
1386 3415 1440 3475 hac
1469 3429 1558 3479 retr.

225 3524 355 3586 netuam,
385 3521 418 3577 ut
445 3516 531 3575 ctiam
560 3514 707 3575 Laurontii
729 3512 817 3574 Vallae
845 3512 985 3575 adversus
1012 3518 1179 3577 ementitam
1203 3515 1383 3599 Constantini
1414 3518 1502 3578 dona·

225 3618 319 3678 ionem
342 3616 473 3678 libellum
495 3618 525 3677 in
548 3615 645 3677 lucem
667 3618 789 3685 iterum,
818 3617 989 3693 praelatione
1016 3618 1053 3677 ad
1081 3618 1177 3695 ipsum
1200 3619 1275 3678 lacta
1299 3619 1388 3679 edere
1410 3638 1504 3697 nuper

225 3737 298 3779 usus
320 3720 391 3786 sim,
425 3736 491 3779 cum
514 3716 587 3777 nihil
608 3725 722 3778 tantum
745 3735 808 3778 esse
831 3718 944 3779 videam
971 3716 995 3776 si
1023 3719 1080 3778 boc
1108 3718 1222 3788 lecero,
1257 3738 1311 3780 cur
1338 3722 1409 3781 milri
1437 3741 1504 3782 suc·
1547 3770 1552 3778 .

225 3826 329 3881 cnseat
356 3820 452 3879 bonus
478 3819 627 3888 Pontifex,
661 3819 716 3880 sub
744 3838 803 3898 qno
831 3817 875 3879 rel
903 3818 941 3878 ob
969 3819 998 3878 id
1026 3820 1152 3879 urarime
1179 3818 1305 3880 liberum
1335 3840 1399 3881 csse
1428 3820 1503 3890 iicet,

225 3921 290 3999 uod
321 3920 376 3981 sibi
405 3922 467 3999 ipsc
496 3921 554 3981 hoc
581 3939 637 3998 per
657 3920 770 3980 ltaliam
799 3922 872 3997 erigi
900 3938 1004 3997 passus
1034 3927 1078 3980 est
1105 3919 1224 3998 plenum
1248 3939 1324 3981 rarae
1347 3940 1381 3980 ac
1403 3920 1504 3981 solidae

225 4022 303 4083 rudis
318 4023 483 4099 trophaeum
506 4042 605 4083 ncoru
627 4041 751 4083 aceruo
775 4041 1028 4083 nesravnaronr
1049 4040 1151 4083 encra.
1183 4020 1306 4091 Quando
1322 4023 1412 4082 tutior
1427 4025 1504 4082 eninr
1518 4031 1563 4081 §.5-

225 4124 328 4184 crira
351 4124 443 4201 magis
464 4124 584 4186 libertas
607 4142 694 4203 qnam
718 4142 786 4205 cum
809 4142 865 4183 urm
888 4123 1025 4184 omnibns
1046 4142 1103 4203 pax
1126 4123 1188 4183 est?
1211 4122 1310 4184 atille
1334 4142 1369 4183 ex
1392 4123 1504 4185 bellicis

225 4223 271 4286 ulii
295 4224 423 4285 Secundi
449 4224 622 4286 tumultibus
643 4226 753 4304 'pacem
779 4225 901 4294 inuexit:
932 4234 1012 4286 certe
1040 4227 1128 4305 igitur
1162 4232 1191 4285 ct
1219 4232 1382 4287 emortuam
1410 4244 1505 4304 nemer

226 4328 404 4387 cssimorum
437 4325 550 4388 scelere
584 4327 754 4405 pontificum
783 4325 948 4388 libertatem
976 4328 1128 4405 produxit:
1162 4328 1311 4407 quomodo
1343 4330 1420 4389 enim
1455 4336 1505 4389 aut

226 4429 307 4489 irimi
330 4428 384 4486 ista
407 4445 441 4487 ac
463 4430 576 4507 seiungi
598 4435 731 4506 possent,
755 4436 805 4488 aut
819 4427 866 4488 ille
882 4429 939 4488 boc
954 4430 1086 4506 ingenio,
1110 4430 1165 4490 lrac
1188 4432 1351 4492 eruditione
1367 4431 1506 4508 praeditus

224 4532 353 4608 irempta
382 4548 415 4589 ca
444 4548 478 4589 ac
506 4531 636 4589 seiuncta
665 4528 768 4590 vellet?
802 4528 913 4590 Deinde
940 4531 1022 4608 siqua
1051 4532 1136 4591 etiam
1166 4534 1317 4610 ingrueret
1345 4531 1559 4597 calamitosi-⁶.

225 4637 303 4691 itum
329 4648 383 4690 me·
399 4631 463 4690 lure
477 4632 575 4708 putari
591 4638 708 4709 sperato
723 4637 752 4690 ct
764 4630 836 4691 nibil
852 4639 965 4691 temere
980 4638 1122 4708 concepto
1138 4633 1354 4692 Germanorum
1370 4652 1504 4692 meorum

225 4731 362 4801 raesidic,
396 4738 498 4809 utpote
526 4751 651 4810 quornm
680 4734 797 4792 nominc
826 4733 902 4793 hanc
926 4732 996 4791 milri
1018 4734 1156 4793 accersiri
1179 4733 1257 4796 ultro
1287 4733 1504 4801 difficultatem:

225 4834 282 4895 leo
306 4839 340 4893 nt
361 4834 417 4892 iam
440 4833 518 4892 lraud
541 4835 762 4894 contemnendis
784 4834 965 4913 argumentis
988 4836 1181 4912 prospiciam,
1215 4836 1305 4913 siquis
1327 4836 1365 4893 sit
1391 4836 1441 4912 qni
1466 4835 1504 4893 ita

225 4934 273 4997 elit
298 4935 456 4994 extinctam
479 4935 695 4997 Germanorum
718 4935 898 5004 libertatem,
922 4942 954 4994 nt
977 4942 1079 4994 contra
1101 4932 1211 4995 nullam
1227 4937 1343 5013 penitus
1358 4935 1503 5002 iniuriam,

225 5033 548 5104 rllatuccntumeliam
571 5035 614 5096 rel
643 5035 806 5120 reclamare
839 5036 924 5096 nobis
952 5034 1053 5104 liccat,
1088 5038 1114 5096 ci
1141 5037 1312 5102 ridendum,
1348 5036 1504 5125 rrgquando

225 5141 249 5198 {a
275 5136 322 5196 sic
344 5138 501 5197 constricta
524 5156 557 5198 ac
580 5155 662 5216 pane
684 5139 824 5199 sullocata
848 5157 915 5198 cum
939 5139 1066 5198 mammo
1094 5146 1216 5215 repente
1244 5139 1331 5198 buius
1359 5139 1505 5197 servitutis

225 5237 368 5300 alborum
391 5238 577 5299 incommodo
600 5259 634 5300 ac
656 5239 833 5300 detrimento
856 5247 1006 5317 erumpat,
1041 5257 1075 5299 ac
1104 5258 1135 5300 sc
1163 5239 1218 5299 sibi
1240 5240 1365 5300 adserat.
1411 5239 1504 5309 Quam
1519 5250 1565 5300 §.t

225 5339 345 5406 uidem,
381 5345 414 5399 ut
436 5340 598 5416 prudenter
620 5342 683 5402 lunc
705 5342 898 5409 aestimemus,
933 5347 960 5399 ct
994 5340 1146 5401 consillum
1176 5342 1230 5417 ipsi
1253 5347 1375 5420 ‘quoque
1403 5342 1507 5402 demus

225 5475 411 5486 .-.—--—.—..

234 5541 481 5592 ¹⁸restrinxi2.3.
518 5558 597 5609 rrgrae
610 5546 644 5596 A.
685 5540 812 5594 ²⁹<avexit
824 5546 850 5595 2.
859 5546 884 5594 3.
921 5539 1075 5596 “uultaA.
1110 5541 1265 5610 3ΒριιιιιὲΑ.
1301 5543 1462 5596 ”sutorum
1477 5548 1503 5598 3.

263 5642 400 5695 Erararu
418 5644 486 5697 οη.
506 5659 571 5697 von.
588 5646 611 5699 1.
1248 5631 1286 5691 16
