3625 7050
284 1231 376 1282 xxn.
389 1246 475 1282 nvrr.
489 1245 527 1283 an
539 1247 650 1283 rrranv.
665 1247 700 1283 os
713 1248 775 1283 nar.
789 1248 832 1284 ar.
843 1241 901 1282 tstt.
928 1234 1030 1289 XXIII.
1043 1247 1163 1283 uvrranr
1176 1246 1213 1283 ao
1225 1248 1288 1282 eon.
1303 1247 1420 1284 nasson.
1440 1242 1498 1284 tots.
1536 1222 1583 1291 37

283 1401 415 1481 guntinae
427 1401 585 1462 commodo
595 1402 722 1463 haberis.
738 1401 869 1464 lndioant
881 1405 950 1464 item
962 1416 1033 1480 opes
1046 1410 1073 1463 te
1084 1408 1149 1471 term,
1159 1403 1324 1463 manifestat
1334 1402 1430 1481 splen·
1445 1401 1587 1488 ibam&
1596 1409 1614 1459 t.
1623 1411 1653 1454 ¹⁵.

284 1503 356 1573 dor,
378 1504 505 1582 dignitas
521 1522 556 1564 ao
570 1505 714 1581 potentia,
738 1523 802 1583 qnae
817 1511 849 1565 tn
872 1505 969 1565 comnia
992 1522 1066 1564 onus
1089 1522 1122 1564 ao
1137 1504 1378 1582 impedimentum
1393 1506 1448 1565 ocii
1469 1508 1515 1567 tni
1534 1525 1584 1586 ap·

284 1600 396 1683 pellare
411 1603 490 1665 soles
505 1606 579 1665 mira
596 1613 624 1665 et
638 1606 765 1666 inarrdita
781 1604 932 1666 modestia.
966 1604 998 1664 ln
1021 1624 1079 1685 quo
1099 1607 1175 1666 enim
1196 1607 1305 1667 rectius
1321 1607 1383 1667 baec
1399 1627 1448 1668 en·
1470 1604 1584 1691 lumem.

237 1778 243 1789 ι
282 1705 394 1768 mutata
409 1705 554 1775 videntur,
577 1724 664 1784 mam
683 1708 712 1767 in
730 1708 777 1766 tet
800 1701 912 1791 ἐσθλῷ
931 1690 995 1787 γὰρ
1015 1694 1118 1784 ἀνδρί
1138 1694 1162 1766 τ’
1184 1696 1291 1767 ἐσθλὰ
1312 1701 1367 1768 καὶ
1388 1705 1479 1769 διδοῖ
1493 1701 1583 1782 θεός.

255 1805 363 1877 ⁵0nid
384 1807 480 1868 dicam
503 1826 591 1886 quam
612 1816 642 1869 te
663 1794 769 1869 invitus
792 1808 956 1871 deseruerit
977 1808 1050 1869 alter
1073 1809 1178 1878 trater,
1202 1828 1290 1888 quam
1313 1811 1435 1888 cupidus
1457 1808 1653 1892 lifgssgffitao.

285 1906 361 1969 alter
382 1907 576 1969 abstraxerit?
596 1908 707 1970 Deinde
730 1928 817 1988 quam
840 1910 1031 1971 memorabile
1052 1911 1175 1972 verbnm
1198 1918 1227 1971 et
1249 1913 1328 1970 omni
1350 1913 1519 1988 posteritate
1541 1914 1584 1973 di-

285 2028 378 2088 gnnm
400 2011 544 2070 retorsisti
567 2011 596 2071 in
617 2011 700 2072 illum
716 2010 868 2072 llarobum
888 2011 1030 2090 equitem,
1057 2013 1193 2091 quicum
1215 2020 1245 2072 te
1267 2031 1321 2090 pro
1345 2006 1484 2074 eonoione
1506 2017 1584 2076 inso-

284 2111 393 2171 lentius
415 2110 599 2191 obiurgasset
620 2113 734 2184 dicens,
758 2131 817 2173 non
841 2132 905 2175 eam
928 2131 992 2175 esse
1015 2121 1142 2183 aetatem,
1172 2121 1205 2174 nt
1227 2115 1320 2192 possis
1343 2116 1398 2175 iam
1421 2123 1499 2176 tanta
1523 2136 1581 2178 me·

285 2215 421 2294 minisse,
451 2216 629 2293 respondisti
650 2215 696 2275 on
717 2222 763 2284 tu,
788 2233 805 2273 o
827 2227 931 2284 senex,
954 2222 1067 2275 tantum
1091 2234 1124 2275 ea
1146 2216 1175 2275 in
1198 2216 1339 2276 memoria
1368 2215 1582 2304 {ffl’t'g‘ssgffll

241 2314 393 2385 ¹⁰babes,
416 2334 481 2394 qnae
503 2317 586 2377 annis
608 2316 798 2396 quadraginti
821 2324 871 2378 ant
892 2316 980 2395 panlo
1002 2315 1135 2394 pluribus
1158 2324 1220 2376 acta
1237 2323 1317 2385 sunt,
1342 2336 1396 2395 ego
1411 2339 1480 2380 vero
1496 2321 1583 2381 etiam

283 2435 317 2477 oa
341 2418 403 2477 seio
425 2435 491 2496 qnae
512 2417 628 2479 dnobus
649 2425 699 2480 aut
721 2418 815 2480 tribus
836 2425 917 2480 retro
936 2417 1082 2478 millibns‘.
1109 2417 1153 2477 lbi
1174 2425 1204 2479 te
1227 2418 1372 2496 extemplo
1391 2422 1580 2483 circumstan·
1632 2473 1635 2479 .

281 2517 356 2578 tium
381 2519 461 2578 laror
483 2538 518 2580 ao
540 2519 697 2598 applausus
712 2520 841 2598 excepit,
868 2519 952 2581 illum
973 2539 1025 2581 sna
1048 2521 1179 2581 conlusio
1202 2521 1326 2598 operuit.
1373 2522 1472 2582 Laudo
1494 2525 1581 2601 igitur
1591 2527 1649 2576 Μ·

281 2628 327 2689 te,
351 2619 524 2700 Eptelvolle‚
547 2641 581 2682 ac
603 2629 703 2682 nostro
718 2622 815 2682 ordini
829 2620 975 2701 gratulor,
999 2623 1048 2700 qni
1070 2630 1099 2683 te
1120 2630 1200 2682 tanto
1215 2623 1277 2682 viro
1292 2624 1460 2683 rusticitatis
1475 2625 1582 2698 lamam

283 2721 379 2782 exuit:
403 2741 435 2781 es
450 2723 526 2783 enim
542 2721 708 2807 exemplum
724 2722 839 2794 multis,
872 2731 902 2784 et
923 2724 980 2783 iam
1002 2725 1040 2783 ita
1062 2743 1110 2784 me
1129 2725 1276 2794 animasti,
1299 2731 1331 2785 nt
1353 2742 1425 2784 non·
1448 2723 1582 2811 Ιξζξςξῖζξξ

244 2824 356 2883 ¹³dum
378 2824 517 2901 poeniteat
539 2842 641 2885 eornm
663 2823 813 2894 laborum,
837 2843 912 2903 qnos
933 2826 1017 2885 annis
1038 2826 1095 2885 iam
1118 2826 1219 2887 decem
1242 2825 1499 2887 turbulentissimis
1516 2830 1580 2889 *lor-

283 2933 363 2986 tnnae
387 2925 607 3003 tempestatibus
634 2944 687 3004 per
710 2925 896 2987 Germaniam
926 2925 1011 2987 simul
1039 2945 1073 2986 ao
1099 2926 1210 2988 ltaliam
1232 2946 1333 2988 amore
1356 2928 1506 2991 literamm
1529 2949 1578 2990 ex-

283 3027 378 3087 lransi.
410 3033 439 3086 et
460 3027 571 3104 parebo
593 3028 715 3106 posthae
736 3027 862 3089 libenter
884 3029 942 3088 tnis
964 3029 1094 3098 monitis,
1116 3046 1183 3090 meo
1206 3031 1292 3091 etiam
1315 3029 1460 3109 periculo:
1489 3050 1578 3110 qnor-

282 3147 349 3189 srnn
372 3127 450 3188 enim
473 3146 532 3189 non
554 3129 713 3190 concedam
735 3130 760 3191 el
788 3131 837 3208 qni
860 3130 902 3189 sie
925 3129 961 3190 de
983 3149 1045 3199 me,
1068 3131 1110 3191 sic
1133 3130 1170 3192 do
1192 3131 1277 3191 bonis
1299 3131 1435 3192 omnibns
1456 3133 1579 3194 meritus

284 3231 345 3291 esti
367 3231 426 3291 Sed
450 3238 482 3292 ut
503 3249 602 3291 rnenm
624 3232 661 3291 de
683 3230 859 3311 panegyrico
882 3230 1035 3292 consilinm
1050 3231 1135 3310 plane
1157 3232 1320 3311 intelligas,
1343 3235 1386 3293 ni·
1408 3231 1646 3318 ll‘wtffipfflfflldl·

253 3330 324 3392 nuit
355 3350 486 3411 unquam
521 3333 655 3410 cupidius
686 3334 805 3410 scripsi,
839 3332 910 3403 nibil
939 3333 1105 3393 ardentiore
1133 3332 1196 3393 zelo
1222 3336 1388 3412 composui:
1418 3354 1519 3396 rernm
1541 3335 1578 3396 ab

284 3431 391 3494 edendi
414 3413 566 3512 proposito
588 3433 792 3494 absterrebant
814 3433 920 3503 multa,
949 3441 1045 3495 metus
1067 3435 1096 3493 in
1117 3436 1296 3517 primis‚yne
1318 3453 1377 3495 non
1399 3438 1578 3499 satisfactum

284 3536 353 3596 tanti
377 3536 517 3604 bominis,
540 3538 630 3596 immo
651 3537 723 3597 tanti
741 3536 868 3597 numinis
882 3535 1037 3597 virtutibus
1050 3536 1198 3598 rideretur
1214 3539 1321 3616 ingenii
1343 3540 1400 3599 mei
1422 3542 1577 3617 parvitato;

283 3637 387 3699 deinde
408 3637 535 3699 aliorum
557 3637 734 3718 perieulum,
758 3656 832 3716 quos
853 3656 931 3716 saepe
949 3637 1019 3707 vidi,
1043 3658 1109 3699 oum
1133 3639 1216 3700 lamae
1238 3658 1272 3700 ao
1294 3639 1393 3717 glorim
1415 3642 1575 3712 studerent,

285 3740 312 3798 in
339 3747 542 3819 contemptum
573 3748 601 3800 et
626 3740 774 3801 infamiam
801 3739 952 3800 deductos.
983 3740 1043 3818 lige
1065 3758 1149 3810 vero,
1177 3740 1241 3819 lege
1262 3758 1342 3801 nimo
1368 3745 1576 3822 panegyricum
1588 3755 1606 3804 t.
1615 3757 1645 3802 ro.

250 3840 379 3910 ²⁶istum,
402 3859 493 3920 quem
511 3842 596 3902 tnties
611 3842 743 3910 nomino,
766 3841 924 3902 dolendum
940 3840 1122 3901 verocundiae
1136 3859 1210 3902 urere
1224 3840 1365 3919 spolium,
1388 3854 1417 3903 et
1432 3864 1467 3904 eo
1482 3845 1578 3904 animo

284 3941 355 4021 lege,
378 3963 437 4024 qno
459 3944 593 4021 scriptus
614 3963 630 4004 a
653 3962 699 4003 me
722 3948 779 4012 est,
802 3961 861 4003 non
884 3960 943 4020 quo
967 3941 1074 4011 editus,
1098 3961 1132 4003 ao
1153 3942 1222 4001 boni
1245 3941 1374 4002 consule.

742 4132 1123 4175 -1--

854 4382 1002 4455 XXIH.
1335 4394 1385 4451 'm
1399 4417 1483 4453 urar.
1499 4412 1559 4452 ron.

906 4590 947 4629 EX

605 4761 614 4779 ⁹
760 4685 922 4747 connum
946 4668 1101 4748 nvrrnn

254 4807 276 4848 ao
620 4803 802 4855 EPISTOLA
820 4804 960 4856 ccccm.
985 4806 1033 4857 AD
1052 4806 1237 4858 EOBANVM.

362 4948 462 5003 invitas
485 4961 530 5001 mo
552 4944 583 5000 ad
605 4943 745 5001 literarum
767 4944 885 5002 officium
907 4945 1106 5007 intermissum,
1128 4948 1219 5002 neseio
1246 4964 1296 5020 qua
1318 4947 1455 5003 socordia:
1484 4950 1578 5004 invitat

280 5034 358 5089 etiam
372 5032 504 5089 Ulriobns
520 5029 664 5115 llnttenns.
695 5030 749 5086 Vos
768 5030 822 5086 dno
838 5031 928 5103 magni
946 5040 1035 5104 poetae
1050 5031 1086 5086 ita
1102 5048 1144 5086 me
1160 5030 1270 5086 narilms
1287 5031 1408 5090 trahitis.
1431 5039 1474 5093 nt,
1497 5031 1576 5096 velim

840 5164 1019 5178 -μ-

534 5211 636 5261 xxm,
660 5213 779 5262 Matiani
791 5213 860 5278 Epp.
875 5213 974 5275 lindie.
988 5211 1056 5262 bibl.
1071 5212 1108 5262 11⁰.
1116 5209 1169 5265 llll
1184 5212 1323 5277 pedesq,

342 5383 353 5416 ⁴
371 5377 470 5449 ἐσθλῷ
483 5398 541 5432 m.
550 5379 585 5447 1.]
599 5382 670 5432 bono
684 5383 755 5432 enirn
769 5384 924 5434 virontiam
937 5382 1155 5455 bonadatdens.
1170 5382 1314 5431 Menandri
1326 5397 1415 5446 gnom.
1427 5381 1481 5429 tlt.
1496 5380 1575 5440 (illei-

277 5469 351 5520 nekii
368 5471 477 5536 Fgmm.
493 5471 601 5532 poetar.
616 5466 731 5517 comoed.
745 5483 806 5517 nov.
819 5467 911 5517 Berol.
928 5466 1000 5517 1841.
1013 5465 1049 5515 8⁰.
1064 5466 1155 5531 pnes.
1170 5466 1217 5515 nbi
1234 5456 1257 5514 τ’
1270 5467 1426 5542 omittitur.)
1492 5464 1512 5496 ¹²
1531 5482 1575 5515 ex·

277 5555 369 5620 carpit,
384 5556 419 5605 A.
483 5550 504 5584 ¹⁵
524 5566 557 5601 eo
576 5553 667 5602 animo
684 5550 742 5619 de]
762 5553 781 5601 i.
796 5568 819 5600 e.
833 5550 954 5615 lubenti,
974 5568 1027 5601 non
1045 5551 1141 5601 inrito.
