3625 7050
432 919 540 973 CXXX.
560 933 664 971 nussia
678 933 742 969 sor.
756 933 792 969 sn
805 934 889 970 nvrs.
903 933 938 966 nu
953 932 1049 968 snouo
1063 933 1138 967 nono
1152 934 1194 967 su.
1210 933 1236 967 o.
1251 924 1285 967 ts.
1300 932 1357 968 1vu.
1374 923 1431 970 ists.
1509 900 1582 972 279

271 1112 300 1155 a
332 1094 464 1172 quolibet
486 1094 603 1166 artifice
631 1092 756 1167 depiaqi
780 1107 860 1151 sese:
893 1108 948 1150 nee
975 1092 1054 1150 enim
1081 1091 1214 1150 arbitror
1240 1092 1358 1150 leuioris
1388 1107 1451 1149 esse
1483 1107 1584 1166 operoe

276 1198 406 1258 Morum
431 1194 579 1269 effinqere
601 1211 689 1268 quam
712 1193 921 1252 ,denarudrum
940 1209 1079 1266 maquum
1098 1199 1152 1251 aut
1173 1192 1330 1264 Achillem,
1354 1210 1409 1252 nero
1429 1195 1475 1251 illi
1494 1209 1583 1266 quam

276 1301 334 1360 nic
353 1304 454 1358 noster
471 1298 691 1356 immortalitate
707 1296 858 1369 diqniores
878 1303 975 1355 aaut.
1014 1294 1084 1354 Tale
1104 1305 1309 1369 arqumentnm
1327 1312 1456 1370 prorsus
1471 1295 1584 1371 Apellis
1594 1290 1612 1340 5·
1620 1292 1638 1334 ⁴·

276 1403 454 1476 cuiuspiam
474 1415 595 1458 munim
614 1398 783 1465 desiderat‚·
815 1405 848 1454 at
868 1413 972 1455 uereor
994 1415 1031 1455 ne
1052 1399 1115 1472 ipse
1136 1398 1236 1456 Fuluii
1257 1396 1440 1471 lintuboeque
1461 1398 1585 1456 similior

225 1511 253 1550 ⁵
276 1506 340 1562 sim
362 1517 452 1577 quam
474 1500 604 1576 Apellis:
635 1501 781 1573 experiar
808 1504 905 1556 tamea
934 1499 988 1557 tibi
1012 1501 1097 1558 totius
1118 1500 1243 1558 borninis
1266 1500 1479 1559 simulachrum
1504 1500 1585 1558 deli-

282 1620 381 1665 neare
403 1605 501 1663 neruis
522 1617 611 1676 quam
633 1603 818 1675 exprimere,
851 1606 994 1674 quantam
1016 1618 1056 1659 eu
1079 1603 1195 1660 diutiaa
1220 1602 1436 1676 domesticaque
1456 1617 1585 1661 consue-

282 1708 390 1767 tudine
411 1707 457 1764 uel
473 1703 711 1763 animaduertere
733 1705 817 1762 licuit
840 1705 886 1761 uel
905 1706 1080 1762 meniinisse.
1126 1703 1212 1773 Ortod
1228 1705 1376 1776 siquando
1393 1706 1459 1776 fiel,
1483 1708 1516 1761 at
1536 1718 1585 1761 uos

283 1810 392 1882 aliqua
412 1809 520 1880 leqatio
540 1806 712 1875 committat,
734 1811 794 1862 tum
816 1804 933 1863 demum
952 1807 1097 1879 inlelliqes
1114 1817 1203 1879 quam
1220 1822 1277 1863 uon
1298 1806 1422 1879 probum
1441 1807 1583 1876 artificem

286 1911 335 1969 ad·
356 1909 413 1968 boc
432 1909 547 1982 neqoeii
567 1908 727 1979 deleqeris,
756 1923 915 1979 vereorque
938 1909 1032 1981 plane
1059 1924 1096 1965 ne
1124 1923 1170 1965 me
1196 1916 1248 1964 aut
1274 1909 1442 1965 insidentia
1469 1908 1585 1965 incuses

225 2020 269 2061 1⁰
285 2018 342 2071 ant
360 2012 569 2090 saepientiae,
592 2011 644 2082 qui
663 2025 703 2067 en
724 2014 783 2065 tam
801 2011 899 2066 miultis
921 2008 1002 2067 bouis
1020 2014 1080 2065 tam
1091 2023 1196 2080 pauca
1216 2011 1260 2066 uel
1279 2010 1402 2068 uiderim
1420 2011 1522 2082 lippus
1540 2011 1586 2089 rel

282 2127 518 2174 commemorare
539 2113 679 2170 noluerim
703 2109 828 2168 iruidns.
874 2108 968 2183 ⁴itque
989 2118 1022 2167 at
1041 2109 1079 2167 ab
1100 2125 1137 2167 ea
1158 2115 1246 2182 parte
1267 2109 1430 2181 exordiar,
1451 2127 1510 2182 qua
1532 2110 1584 2168 tibi
1593 2115 1611 2164 t.
1619 2119 1639 2160 ⁵.

283 2214 395 2275 ,dorus
417 2219 461 2273 est
480 2213 691 2287 iqnotissimus,
721 2215 838 2268 statura
861 2212 1005 2285 modoque
1030 2213 1165 2285 eorporis
1189 2221 1232 2270 est
1258 2210 1344 2283 lusru
1363 2214 1582 2286 proceritatem,

283 2333 382 2392 supra
408 2322 505 2375 lamen
530 2312 684 2372 notabilem
705 2312 907 2371 bumilitatem.
952 2329 1051 2371 rerum
1075 2315 1202 2370 omnium
1224 2313 1419 2372 membrorum
1438 2319 1520 2371 tantu
1541 2319 1585 2370 est

283 2420 472 2495 symmetria,
498 2420 531 2474 ui
556 2415 631 2474 nibil
656 2414 706 2473 luia
735 2414 852 2472 omnino
877 2414 1049 2482 desideres,··
1071 2421 1137 2472 oute
1158 2417 1293 2488 corporis
1314 2415 1463 2485 eandida,
1484 2414 1584 2486 facies

225 2528 270 2571 ¹5
284 2523 384 2594 mapis
404 2519 447 2577 ad
465 2516 627 2577 candorem
650 2516 743 2589 uerqit
764 2530 852 2588 quam
867 2514 912 2572 ad
924 2519 1087 2589 pallorem,
1113 2532 1285 2589 quanquam
1307 2534 1327 2574 a
1347 2517 1457 2575 rubore
1476 2518 1585 2590 procul

285 2621 384 2692 abesl,
408 2620 468 2678 nisi
490 2618 572 2692 quod
596 2619 691 2676 tenuis
718 2616 878 2675 admodum
901 2618 992 2676 rubor
1014 2618 1119 2691 ubique
1140 2617 1287 2686 sublucet;
1316 2621 1423 2692 capilli
1441 2619 1583 2690 subniqro

282 2724 415 2796 plasme,
443 2720 504 2779 siue
530 2720 623 2776 mauis
647 2715 778 2790 susilano
801 2721 942 2791 niqrore,·
974 2718 1069 2777 barba
1090 2722 1210 2788 rarior‚·
1242 2723 1322 2780 oculi
1341 2721 1488 2792 subeasii,
1513 2736 1583 2778 ma-

284 2826 362 2884 culis
384 2822 561 2897 quibusdam
583 2821 770 2894 interspersi,
797 2837 864 2893 quale
884 2823 997 2894 species
1018 2823 1167 2893 inqenium
1190 2837 1320 2894 arquere
1345 2824 1417 2881 solet
1435 2819 1583 2893 felicissi-
1671 2833 1675 2842 ·

285 2941 381 2997 mum,
403 2924 489 2998 apud
507 2922 676 3001 Britannos¹
691 2924 778 2980 etlam
802 2922 939 2980 amabilis
964 2923 1104 2992 liabetur,
1130 2941 1196 2982 eum
1225 2927 1320 2982 nostri
1345 2926 1466 2997 niqrore
1488 2924 1584 2995 maqis

225 3029 467 3103 &rapianturt
502 3030 615 3098 neqant
642 3025 732 3082 ullum
761 3025 912 3082 oculorum
939 3041 1035 3096 pennis
1059 3026 1155 3083 minsis
1183 3024 1325 3096 infestari
1344 3027 1429 3084 uitiis.
1482 3025 1638 3083 l'uaussa.

285 3129 407 3204 inuenio
432 3126 605 3201 respondet,
633 3130 753 3197 aratam
780 3130 810 3183 el
837 3125 965 3183 amicam
992 3125 1180 3197 festivitatem
1202 3143 1318 3201 semper
1340 3144 1408 3202 pree
1428 3144 1460 3185 se
1477 3125 1584 3199 serens

285 3248 324 3290 aa
345 3226 484 3315 nonnihil
504 3227 549 3285 ad
566 3226 692 3285 ridentis
710 3224 840 3284 babilam
862 3231 1051 3301 compositus,
1080 3236 1169 3301 atque
1188 3237 1221 3287 ut
1240 3231 1367 3302 iaqeuue
1388 3230 1500 3293 dictem,
1522 3244 1583 3301 ap-

282 3332 409 3407 positior
429 3327 473 3386 ad
491 3328 704 3387 iueitnditatem
726 3343 815 3400 quam
837 3328 881 3384 ad
899 3332 1076 3400 pravitatem
1094 3336 1148 3389 aut
1165 3329 1352 3402 diquitatem,
1378 3331 1495 3390 etiamsi
1513 3332 1583 3387 loa-

283 3433 406 3506 ptssime
435 3428 518 3487 abest
544 3430 582 3487 ab
609 3429 720 3502 ineptia
749 3431 1005 3503 scurrilitateque,·
1045 3430 1150 3488 deuter
1177 3431 1317 3489 bumerus
1347 3435 1440 3505 paulo
1468 3431 1584 3489 uidetur

225 3534 463 3595 ²5eminentior
482 3534 569 3603 leeuo,
595 3533 763 3606 praesertim
785 3548 851 3590 meni
878 3533 1002 3592 incedit.
1031 3533 1064 3589 id
1085 3532 1165 3604 quod
1185 3533 1231 3589 illi
1250 3549 1308 3590 non
1331 3534 1442 3592 oceidit
1461 3537 1581 3601 natura,

283 3637 340 3696 sed
352 3632 558 3705 assuetudine,
580 3616 683 3706 qualia
698 3635 851 3706 permulta
866 3634 948 3691 nobis
965 3634 1058 3691 solent
1078 3632 1257 3699 adularere:
1284 3636 1314 3690 in
1329 3636 1443 3705 reliquo
1457 3647 1583 3705 corpore

284 3736 363 3826 milii}
389 3739 435 3793 est
458 3734 538 3808 quod
557 3733 710 3806 offendat·
742 3749 848 3792 manus
869 3738 981 3792 tantum
1002 3734 1177 3792 subrusticus
1197 3743 1282 3804 siun,¹
1305 3736 1347 3793 ita
1370 3736 1534 3805 attenuarat,
1556 3736 1584 3792 si

284 3838 330 3897 ad
348 3837 496 3909 reliquam
515 3836 650 3909 eorporis
665 3837 792 3908 speciem
810 3834 1018 3908 conserantur.
1062 3835 1133 3910 lpse
1152 3838 1280 3894 omnium
1299 3854 1367 3911 qua
1385 3837 1429 3894 ad
1446 3837 1583 3911 eorporis
1591 3843 1610 3893 i.
1618 3845 1637 3887 ⁷.

285 3940 398 4000 cultum
421 3940 559 4008 attinent,
587 3952 748 4010 sempera
769 3953 868 4011 putero
896 3938 1162 4010 neqqueutissimus
1186 3935 1262 4009 suit,
1290 3938 1366 3996 adeo
1392 3944 1423 3997 ut
1450 3941 1582 4002 neella

225 4046 469 4114 ³umapnopere
496 4053 607 4097 curare
634 4039 673 4095 sit
697 4040 799 4097 solitas
827 4030 894 4112 qua}
921 4042 984 4097 sola
1010 4041 1081 4098 uiris
1102 4056 1163 4098 esse
1186 4042 1326 4099 meronda
1348 4041 1433 4100 docet
1454 4039 1583 4100 Otidias.
1658 4046 1662 4053 '

285 4143 416 4207 Forma¹
428 4145 564 4199 uenustas
586 4155 653 4212 quie
671 4138 769 4212 suerit
790 4142 983 4208 adolescenti,
1005 4158 1085 4200 uriae
1105 4136 1193 4199 etiain
1214 4144 1282 4201 lieet
1300 4136 1336 4201 ἐκ
1359 4136 1415 4220 τῆς
1435 4133 1584 4219 καλάμης

268 4234 450 4316 'coniicerm
480 4256 651 4315 quanquam
668 4242 732 4315 ipse
753 4244 822 4300 noui
840 4242 984 4300 bominem
1007 4259 1064 4301 iton
1086 4245 1227 4301 maiorem
1249 4246 1336 4302 anuis
1356 4246 1461 4316 oiqinti
1482 4244 1583 4315 tribus,

284 4361 355 4405 nam
380 4360 460 4403 nune
480 4359 539 4402 non
559 4346 681 4401 multum
697 4346 824 4402 excessit
844 4344 1116 4417 quadrupesimum.
1155 4345 1297 4402 l'aletudo
1315 4361 1465 4419 prospera
1488 4347 1640 4417 maqisis.

285 4463 378 4523 qnam
399 4446 533 4508 robusta,
562 4445 616 4503 sed
637 4451 733 4503 tamen
760 4461 828 4519 queo
849 4444 1038 4518 quantislibet
1058 4445 1207 4503 laboribus
1228 4444 1363 4516 suspiciat
1384 4446 1585 4505 bonesto'eioe

225 4549 402 4623 mimis,
432 4548 522 4606 nullis
541 4552 595 4605 aut
614 4551 693 4605 certe
706 4547 895 4620 pelueissimis
914 4547 1021 4604 morbis
1040 4546 1185 4605 obnoxia:
1213 4562 1280 4619 spes
1300 4551 1343 4604 est
1360 4548 1489 4604 uiuacem
1505 4534 1584 4617 sore,

286 4650 411 4726 quando
425 4655 542 4723 patrem
562 4647 650 4707 babet
670 4648 829 4706 admodum
850 4656 924 4705 natu
943 4648 1106 4721 proadem,
1130 4647 1185 4705 seel
1205 4649 1279 4705 mire
1301 4649 1409 4706 uirenti
1428 4655 1585 4721 ueqetaque

356 4814 367 4848 ⁴
391 4815 471 4865 Fulv.
486 4812 559 4880 Rau]
582 4816 643 4865 Non
666 4815 747 4864 nimis
766 4814 838 4864 scite
857 4814 988 4864 Erasmus
1007 4814 1042 4863 ad
1059 4815 1157 4864 Horat.
1177 4803 1512 4879 sm.11.7,oo.respie'it,
1537 4814 1586 4863 ubi

286 4904 321 4953 de
340 4900 426 4952 Fulvi
443 4900 615 4965 Rutubaeque
635 4900 811 4962 (famosorum
831 4898 1027 4963 gladiatorum)
1046 4898 1152 4963 proeliis
1171 4899 1281 4948 rubrica
1300 4900 1384 4963 pictis
1403 4905 1451 4947 aut
1464 4898 1584 4947 carbone

285 4989 374 5054 poeta
392 4984 473 5034 dicis.
535 4983 849 5034 ‘simulacrumanm
914 4981 1177 5033 5·“(1ο1ἱιιίειῑει1.2.
1243 4981 1379 5048 ‘vor.q.]
1399 4988 1530 5047 <quantum
1549 4982 1586 5045 (el

281 5075 378 5121 ilerum
396 5073 528 5134 quantum
544 5074 603 5133 post
622 5068 708 5133 oxpr.)
731 5070 785 5118 sine
805 5084 882 5118 sensu
901 5071 925 5117 7.
936 5071 960 5117 8.
1043 5067 1063 5098 ¹⁵
1080 5070 1159 5132 vargi
1179 5072 1202 5116 7.
1212 5070 1235 5115 8.
1266 5067 1338 5117 Talia
1356 5072 1381 5118 iu
1398 5083 1455 5134 sqq.
1474 5074 1584 5131 prater-

280 5160 391 5205 mttlam.
444 5151 649 5204 “bombum
706 5152 729 5185 ³⁰
747 5132 839 5218 Ovids]
858 5154 918 5202 Art.
937 5168 990 5202 am.
1005 5152 1026 5201 1.
1040 5150 1098 5202 509.
1113 5168 1172 5218 sqq.
1223 5148 1244 5182 ⁸¹
1264 5140 1295 5200 ἐκ
1308 5166 1331 5200 τ.
1345 5148 1382 5217 κ.]
1403 5168 1436 5202 ox
1454 5151 1584 5203 coniecto

280 5251 413 5307 corpore.
