3625 7050
411 1203 508 1255 XXVI.
533 1217 656 1254 ararem
670 1210 810 1255 rn'rncon.
826 1218 914 1268 ruens
928 1219 969 1254 er.
985 1220 1011 1254 n.
1027 1212 1059 1254 13.
1073 1219 1130 1254 rvu.
1145 1212 1203 1254 tert.
1428 1190 1472 1260 41

179 1375 326 1457 propitios
349 1391 414 1434 esse
430 1374 563 1434 liuttenis
585 1373 665 1442 deos,
689 1374 738 1433 nbi
761 1372 897 1451 intelligis
919 1381 1059 1452 qnantum
1081 1375 1111 1434 in
1133 1374 1208 1435 banc
1224 1380 1340 1452 gentem
1356 1373 1478 1435 licentiae

180 1479 251 1538 buic
273 1477 462 1554 sanguinario
485 1477 679 1553 permiserint.
728 1475 816 1535 Cuius
839 1477 975 1535 atrocitas
997 1475 1115 1535 sceleris
1138 1494 1204 1536 cum
1227 1476 1272 1535 rix
1296 1475 1394 1535 triduo
1415 1482 1532 1535 mat-⁵.

180 1577 459 1638 ioremdermaniar
480 1584 594 1655 partem
610 1576 783 1654 pervaserit,
807 1575 942 1636 dubitare
957 1594 1015 1636 non
1032 1595 1151 1654 possum
1166 1584 1256 1637 totam
1272 1595 1335 1636 rem
1352 1583 1384 1636 nt
1398 1583 1478 1654 gesta

182 1687 243 1747 est,
265 1679 318 1738 tibi
341 1679 406 1739 istic
427 1695 545 1756 quoque
567 1679 737 1738 innotuisse.
783 1676 842 1737 Nos
865 1664 909 1738 ex*
924 1679 1019 1738 officio
1035 1697 1069 1738 ac
1083 1679 1190 1755 pietate
1205 1679 1412 1755 interemptum
1428 1678 1478 1738 de·

134 1793 163 1832 ⁵
184 1778 365 1859 ploravimus
387 1781 517 1841 carmine
539 1779 617 1858 qnod
641 1780 676 1841 ad
699 1786 728 1838 te
750 1779 846 1848 mitto,
869 1777 919 1838 tali
940 1777 1025 1858 quale
1045 1780 1230 1840 moestissimo
1245 1786 1377 1857 tempore
1393 1779 1479 1840 condi

183 1901 198 1941 a
216 1901 265 1942 me
279 1882 388 1959 potuit:
405 1880 550 1941 debebam
565 1881 622 1941 boc
637 1880 747 1942 invenis
763 1881 950 1948 innocentiae3
973 1880 1116 1941 debebam
1133 1882 1223 1958 patris
1237 1879 1314 1940 illins
1328 1881 1478 1940 immensae

185 2000 253 2060 erga
277 2001 325 2042 rne
347 1982 533 2061 benignitati,
556 2000 612 2043 nec
634 1983 731 2042 minus
745 1980 940 2041 Hnttenornm
965 1983 1089 2051 nomini,
1113 1983 1195 2044 cuins
1213 1990 1270 2042 tam
1287 1983 1407 2059 insignis
1421 1982 1478 2041 boc

184 2083 296 2145 scelere
318 2091 504 2161 contemptus
526 2090 570 2143 est
591 2083 738 2161 rpuaesitns.
791 2082 879 2143 Forte
902 2084 985 2159 cupis
1006 2085 1082 2143 scire
1098 2083 1173 2163 qnid
1202 2090 1318 2161 agatur,
1349 2089 1378 2143 et
1406 2091 1532 2142 numer.

185 2205 240 2264 qua
264 2185 336 2246 ultio
358 2193 492 2264 paretur:
517 2183 587 2245 nibil
609 2184 719 2245 babeo:
743 2202 811 2243 nam
833 2186 987 2245 conventui
1010 2186 1143 2262 proxime
1162 2184 1261 2244 babito
1276 2203 1335 2245 non
1350 2186 1477 2255 interlui,

103 2292 169 2333 ¹⁰
186 2305 281 2365 neque
303 2287 398 2365 siquid
423 2286 559 2355 habeam,
582 2286 669 2346 hrrius
685 2286 801 2364 generis
816 2284 976 2345 viatoribus
997 2287 1180 2346 committere
1200 2287 1302 2345 ausim.
1341 2286 1403 2364 Hoc
1418 2304 1477 2347 non

185 2370 277 2448 sinam
300 2380 496 2465 ignorante}
520 2389 684 2448 universam
708 2404 801 2466 prope
823 2386 1019 2455 Germaniam,
1043 2387 1213 2465 indignitate
1231 2388 1274 2447 rei
1290 2395 1475 2457 commotam,

185 2488 396 2567 inextinguibili
418 2488 505 2549 huius
526 2488 680 2565 parricidae
709 2488 776 2548 odio
804 2487 938 2566 flagrare.
993 2488 1091 2567 Ipsum
1120 2496 1215 2549 metus
1245 2497 1274 2548 et
1301 2489 1531 2549 conscientiam.

185 2592 363 2669 praecipitem
386 2596 491 2669 agunt:
520 2589 598 2668 apud
620 2608 690 2650 snos
712 2591 871 2650 consistere
893 2597 952 2650 non
981 2589 1083 2656 audet;
1111 2590 1233 2649 accessit
1260 2589 1295 2648 ad
1326 2589 1475 2649 Maximill-

185 2711 273 2752 anum
295 2692 449 2762 Caesarem,
472 2694 682 2770 impetraturus
704 2692 779 2752 lorte
802 2690 907 2751 delicto
929 2691 1052 2760 reniam,
1076 2708 1091 2750 a
1114 2708 1173 2769 qno
1195 2697 1302 2768 praeter
1323 2709 1406 2768 spem
1428 2709 1476 2750 ac·

115 2789 287 2872 ¹⁵eeptos
309 2795 409 2854 neseio
431 2811 543 2872 puoso
566 2794 725 2870 proripuit,
748 2791 929 2854 Ulmensium
952 2792 1091 2869 bospitio,
1120 2791 1161 2852 uti
1184 2792 1286 2853 fertur.
1332 2792 1530 2852 deserent-³·

185 2897 265 2956 aiunt
286 2895 337 2955 nbi
358 2897 543 2956 nuntiaretur
565 2894 682 2963 adesse,
715 2911 769 2971 per
791 2894 945 2959 ianitorem
967 2894 1085 2954 iussisse
1112 2893 1251 2971 depositis
1278 2894 1367 2954 annis
1394 2911 1477 2953 acce·
1568 2926 1571 2933 ·

185 2997 264 3056 dere.
289 2996 452 3074 pantenu
474 2998 601 3074 optimus
623 2997 761 3073 princeps
783 3014 799 3054 a
822 2996 932 3055 furioso
948 2994 1108 3072 gladiatore
1123 2993 1208 3054 saluti
1223 3013 1283 3056 sum
1298 2995 1386 3055 canit:
1409 3012 1476 3054 narn

185 3099 232 3176 qni
255 3104 343 3158 tantae
365 3097 554 3165 innocentiae,
587 3104 706 3174 tamque
729 3103 889 3174 perspecta
911 3096 1064 3174 probitatis
1086 3097 1196 3174 optime
1217 3096 1255 3156 de
1280 3115 1312 3155 se
1339 3097 1476 3155 meritum

185 3200 349 3267 bominem.
371 3197 450 3259 nulla
474 3199 673 3259 intercedente
695 3199 814 3265 eliense,
838 3196 1072 3258 crudelissimum
1095 3199 1125 3257 in
1147 3197 1267 3258 modum
1290 3198 1428 3265 exierant,
1452 3197 1476 3256 is

114 3299 227 3362 ‘orer
250 3321 267 3361 a
289 3300 405 3362 Caesam
426 3301 450 3360 si
473 3319 540 3360 eum
563 3300 642 3360 lerro
663 3299 842 3366 admittatur,
865 3317 970 3359 manns
992 3299 1169 3359 continebit?
1190 3307 1241 3360 ant
1255 3298 1291 3358 ab
1307 3298 1404 3377 aliquo
1419 3299 1474 3358 cri·
1526 3314 1549 3340 ⁵

184 3403 262 3464 mine
283 3409 516 3480 temperaturum
544 3408 629 3478 putas
658 3401 707 3479 qui
735 3401 792 3461 boc
820 3419 908 3461 ansus
936 3401 990 3461 sit?
1026 3400 1071 3460 Me
1094 3408 1153 3462 tarn
1175 3401 1262 3460 lrnius
1284 3398 1476 3460 lamentabilis
1486 3403 1532 3453 Μ»

184 3504 320 3565 interitus
340 3503 376 3564 ad
399 3491 510 3563 luctum
533 3503 647 3572 incitat,
671 3520 758 3581 quarn
771 3502 956 3563 'immodicus
978 3505 1057 3564 senis
1079 3501 1163 3564 dolor
1185 3502 1220 3563 ad
1244 3508 1405 3563 extremam
1428 3520 1475 3562 us-

183 3624 241 3685 que
264 3606 409 3666 tristitiam
432 3605 575 3682 perducit.
620 3604 683 3665 Scis
712 3611 744 3664 ut
770 3621 805 3664 ex
834 3611 960 3683 orratnor
988 3604 1067 3673 liliis,
1098 3623 1172 3684 quos
1199 3603 1419 3682 pulchritudine
1448 3611 1477 3663 et

183 3706 332 3768 alacritate
354 3724 528 3785 corporum,
550 3708 657 3766 virtute
679 3724 748 3775 rero
771 3707 936 3766 animorum
952 3713 1011 3766 tota
1027 3706 1148 3765 Francia
1164 3706 1305 3765 admirata
1321 3713 1373 3775 est,
1397 3706 1475 3764 bunc

126 3808 371 3887 zesingutarner
393 3808 551 3869 admodum
574 3808 730 3875 amarerit;
753 3807 811 3866 scis
830 3814 967 3885 quantam
989 3809 1018 3867 in
1033 3807 1092 3866 boe
1106 3824 1188 3883 spem
1203 3808 1351 3884 posuerat.
1388 3812 1543 3883 amaretur.

182 3910 245 3989 ipse
267 3910 325 3971 boo
346 3928 448 3971 amore
469 3910 575 3989 dignus
601 3908 638 3969 ab
665 3908 802 3969 omnibus
828 3908 1002 3985 putabatur:
1031 3913 1095 3969 erat
1119 3914 1239 3967 venusta
1267 3908 1356 3975 facie,
1384 3924 1476 3966 mem·

183 4012 305 4073 brorum
329 4013 502 4090 compagine
525 4011 744 4079 decentissima,
767 4017 877 4071 statura
899 4010 1033 4086 corporis
1048 4026 1187 4088 procera,
1209 4007 1260 4068 sed
1277 4026 1363 4087 quam
1379 4025 1476 4085 aequa·

182 4121 228 4175 ret
248 4115 325 4174 insta
348 4113 550 4190 membrorum
573 4114 738 4191 proportio;
763 4113 791 4171 in
814 4110 895 4171 nrrllo
918 4128 977 4171 oon
997 4111 1154 4171 inventutis
1169 4111 1328 4171 certamine
1349 4108 1478 4170 anteibat

183 4214 325 4295 aquales,
348 4215 510 4284 currendo,
533 4213 680 4284 saltando,
703 4214 796 4283 lucta,
820 4213 1012 4292 etpritatione,
1035 4212 1180 4281 natando;
1204 4231 1238 4272 eo
1261 4230 1330 4273 rero
1350 4211 1410 4271 ludi
1426 4230 1476 4289 ge·

144 4328 271 4387 ³rnere,
294 4335 355 4396 quo
376 4316 491 4378 obnixis
512 4317 602 4377 hastis
624 4317 727 4377 armati
750 4316 862 4394 erprites
885 4300 1082 4384 concurrunt,
1111 4315 1187 4375 inter
1208 4316 1320 4391 primos
1342 4315 1473 4374 nomina-

184 4419 278 4481 batur.
323 4419 479 4496 Perspecta
503 4426 565 4479 erat
586 4420 649 4479 eius
671 4420 699 4477 in
728 4418 812 4478 seriis
840 4435 958 4498 qrrorpre
985 4415 1131 4476 alacritas:
1161 4418 1257 4493 ipsum
1287 4415 1368 4476 illum
1397 4416 1543 4475 oeci-en.

184 4541 279 4583 sorem
303 4521 366 4581 eius
388 4520 550 4580 audirimus
572 4519 708 4580 omnibns
730 4519 790 4579 suis
813 4518 968 4579 comitibus
990 4519 1210 4595 praeferentem:
1234 4517 1272 4577 ob
1296 4518 1473 4597 easqnerir·

183 4631 259 4685 tutes
287 4621 465 4683 narrabatur
494 4639 593 4681 aurare
615 4638 682 4681 enm
704 4621 799 4681 unice.
841 4620 920 4697 quod
942 4620 1052 4680 utinam
1075 4637 1134 4679 non
1157 4617 1391 4686 credidissemus,
1415 4637 1474 4697 qrro
1618 4699 1620 4703 Ι

157 4794 159 4797 4
185 4726 298 4786 saevitiae
319 4742 381 4784 sna
404 4722 569 4800 exemplum
592 4725 622 4782 in
645 4720 701 4781 alio
723 4723 820 4799 potins
843 4722 988 4781 edidisset.
1038 4721 1100 4798 Age
1127 4737 1195 4777 rero
1224 4727 1331 4795 ‹pranta
1359 4739 1375 4778 a
1405 4730 1542 4782 senecta.

157 4825 322 4911 ⁸⁵beneficia
345 4825 459 4902 aceepit
480 4811 649 4892 sceleratus,
673 4821 788 4884 adiutus
815 4824 952 4900 pecunia,
977 4823 1080 4891 armiS,
1109 4820 1211 4880 officiis
1233 4819 1359 4897 «lenique
1380 4822 1474 4880 omni·

184 4926 251 4998 bns,
282 4927 308 4987 X
336 4926 415 4987 milia
444 4944 602 4987 aureorum
630 4923 783 5010 nummum
814 4924 893 4984 dedit
914 4930 1017 4984 mutuo
1038 4940 1147 5000 nuper,
1171 4939 1236 4999 quae
1256 4920 1343 4979 hodie
1358 4938 1476 4998 qrroqne

184 5028 328 5090 debentur
349 5027 405 5097 itli;
428 5029 586 5107 mainetiam
610 5028 755 5106 eorritatus
778 5024 912 5085 celeriter
935 5043 970 5085 ex
993 5025 1112 5085 Francis
1134 5022 1276 5090 mittendi,
1299 5039 1357 5099 qrro
1379 5021 1475 5081 insur-

184 5140 282 5208 gentes
305 5131 462 5191 adrersum
492 5148 524 5191 se
552 5128 709 5210 populares
737 5128 919 5205 compescuit
945 5125 1008 5195 itte,
1043 5126 1147 5185 unicus
1179 5140 1271 5202 prope
1299 5128 1384 5182 autor
1412 5122 1474 5182 luit.

248 5354 255 5387 ¹
275 5354 427 5420 propitium
440 5367 463 5402 e.
478 5351 512 5401 H.
526 5352 614 5401 Deum
630 5347 678 5399 3¹¹.
749 5347 759 5378 ⁵
778 5343 912 5410 carmine]
932 5344 975 5395 Cf.
986 5343 1046 5394 Ind.
1059 5342 1329 5395 bibr.n⁰.xxl111.o
1390 5340 1410 5374 ¹⁴
1428 5343 1474 5391 ‹lo-

182 5437 239 5490 licti
252 5442 313 5490 23.
349 5434 718 5501 ²⁴Francia]Frunlrturlond,
732 5431 899 5482 Franconia.
944 5428 966 5461 ²⁹
979 5424 1120 5492 ludicram]
1139 5428 1269 5476 lbrrrnr'er.
1305 5424 1327 5458 ³⁴
1340 5423 1474 5490 priusrfl.

184 5523 205 5555 ³⁶
221 5525 307 5576 millio
325 5524 428 5591 corpe.
499 5520 521 5552 ³²
539 5516 653 5583 insurge]
673 5520 721 5567 den
735 5515 914 5566 urmenKuuz.
