3625 7050
282 1166 353 1238 120
394 1180 517 1232 XXXVI.
537 1188 558 1228 t.
571 1195 636 1230 non.
650 1194 731 1230 nnssx
745 1195 900 1231 meseonem
913 1194 1044 1232 nummu.
1057 1197 1095 1233 sn
1107 1197 1231 1232 nvmus
1243 1198 1336 1234 neser.
1349 1198 1461 1235 ιωιε.
1558 1179 1562 1185 ’

431 1350 518 1426 Seepe
539 1350 657 1424 quidem
677 1351 823 1410 mundata
845 1352 952 1411 damus
970 1343 1116 1428 'requique
1135 1359 1270 1413 senatum

504 1451 641 1524 Cepimus
662 1454 797 1527 auspicio
816 1453 1037 1529 deserimusque
1053 1454 1140 1524 bauo,
1173 1513 1178 1521 ,

431 1554 555 1629 Semper
573 1553 675 1612 albae
694 1556 799 1613 iterum
813 1554 992 1626 faciendum
1009 1559 1186 1631 iterumque,
1207 1575 1411 1634 necunquam

363 1676 402 1716 ms
502 1654 623 1714 Consilii
641 1656 731 1726 finem
754 1657 886 1715 lubricus
907 1658 988 1717 orbis
1011 1657 1134 1717 babet:.
1161 1673 1178 1705 ο
1283 1684 1290 1696 ·

431 1757 532 1817 Doriee
553 1756 704 1815 inutilibus
724 1759 846 1817 terimm
862 1759 1050 1818 mouentibus
1070 1776 1179 1834 wau,

502 1858 640 1917 Hostibus
660 1859 762 1929 infidis
781 1858 856 1933 quid
877 1862 938 1919 nisi
949 1862 1064 1935 proeda
1082 1859 1205 1922 mamus?

433 1961 478 2019 Ab
498 1960 593 2035 pudet
612 1961 731 2033 imperii
750 1962 861 2033 quoties
879 1963 934 2020 itta
952 1963 1063 2037 inclyta
1085 1970 1209 2023 menum

363 2081 402 2122 nm
501 2061 617 2119 Euxini
635 2061 724 2119 subiit
742 2063 855 2136 luxque
874 2063 1024 2138 decusque
1042 2068 1153 2134 muris·

432 2161 483 2236 m,
506 2164 566 2221 nisi
585 2176 638 2220 nos
653 2161 771 2234 fallant
787 2166 930 2237 promissi
946 2167 1072 2225 oroeula
1090 2166 1168 2240 sati,

502 2264 564 2323 Pro
581 2264 638 2322 tali
650 2279 758 2338 peenas
778 2266 916 2338 erimine,
940 2264 1054 2339 Turea,
1076 2268 1169 2327 dabis.

432 2365 507 2425 Ante
526 2367 708 2439 coeperimus
735 2365 874 2425 Venetam
890 2370 928 2426 >in
949 2384 1006 2427 sua
1027 2376 1136 2443 stapnu
1157 2369 1309 2441 rebellem,

364 2487 403 2528 ms
482 2469 695 2543 ·Freperimus
714 2469 852 2545 eristum,
870 2471 990 2544 perfide
1006 2469 1105 2544 Galle,
1128 2478 1220 2530 mam.

436 2568 519 2629 Tune
540 2569 661 2628 dubitm
681 2574 791 2628 nostrie
810 2571 870 2627 iam
888 2573 982 2645 lapsa
1000 2570 1121 2646 palatia
1143 2573 1248 2632 Bomoe

490 2671 606 2741 Visere,
624 2676 653 2729 et
670 2670 801 2743 Aupusto
824 2670 965 2746 lbbridr's
984 2689 1073 2732 amne
1093 2659 1177 2743 ubal,-

434 2772 553 2847 Quoque
574 2774 670 2831 minus
691 2772 818 2844 dubites,
840 2775 901 2832 iam
922 2789 981 2833 uon
998 2777 1147 2850 promissa
1166 2777 1222 2835 sed
1240 2778 1337 2851 ipsam

365 2893 403 2934 isi
503 2873 610 2948 Aspice
628 2889 685 2931 non
704 2875 774 2945 ficto
792 2875 928 2949 pondere
948 2883 1029 2936 stare
1045 2878 1153 2949 fidem:

432 2976 510 3036 oum
529 2991 582 3035 uos
609 2974 756 3034 Vindelici
768 2978 912 3052 princeps
928 2977 1064 3052 Aupusta
1084 2978 1174 3038 Sueai

503 3077 633 3148 Detinet,
656 3082 685 3134 et
698 3079 818 3151 populis
836 3079 952 3139 Martia
973 3082 1044 3138 iura
1062 3082 1184 3154 damus,

432 3179 511 3239 Dum
532 3178 585 3237 tibi
607 3175 786 3249 Teutonicae,
806 3178 975 3251 fortissima
991 3188 1129 3257 pectora,
1149 3188 1252 3256 pentes

367 3298 405 3341 iss
507 3279 560 3339 Tot
580 3281 744 3339 coniuratis
765 3282 882 3341 mitibus
902 3300 991 3342 armo
1008 3290 1138 3359 parant,

433 3381 556 3442 Interea
584 3382 699 3441 Venetis
716 3386 857 3443 sociatum
880 3387 991 3444 uiribus
1010 3401 1119 3458 apmen

507 3484 716 3559 Quadrapinta
736 3485 885 3545 homnium
903 3489 987 3546 milia
1011 3487 1115 3547 Gallus
1135 3489 1239 3562 opit„

435 3588 502 3647 Iam
525 3595 584 3646 tuto
603 3590 764 3662 populatus
786 3605 890 3661 apros,
909 3592 1070 3663 popidatus
1089 3598 1119 3649 et
1138 3591 1226 3648 urbes

368 3711 407 3751 nto
506 3690 633 3748 Abstulit
653 3691 730 3748 mato
747 3689 881 3762 fulmina
901 3707 978 3765 pene
996 3691 1070 3750 Ioui.

434 3790 485 3849 Ha
504 3793 600 3850 scetus
619 3798 648 3850 et
668 3806 820 3864 nunquam
843 3793 981 3852 uiolentia
1003 3797 1066 3851 tuta
1085 3794 1207 3868 pericli,

509 3894 609 3963 Galle,
633 3892 685 3950 diu
705 3894 794 3951 ludus
810 3910 868 3953 non
890 3896 968 3953 stetit
988 3895 1041 3953 iste
1061 3895 1142 3962 tibi:-

434 3996 553 4070 Inotyto
576 3994 682 4054 deerat
705 3996 806 4055 adbuc
822 3998 913 4055 tantis
941 3996 1059 4055 Verona
1080 3995 1252 4070 triumphis,

288 4092 291 4100 '
368 4115 405 4156 iu
506 4096 581 4170 Spes
603 4101 676 4154 nata
697 4103 741 4155 est
767 4097 883 4157 Venetis
903 4098 983 4155 bane
1004 4110 1119 4171 auoque
1137 4114 1224 4172 posse
1243 4098 1332 4171 cupi:

319 4202 329 4219 ⁶
440 4197 496 4257 Ter
513 4197 636 4270 frustra
657 4205 835 4271 oppupnaut
854 4214 966 4273 mapna
987 4205 1033 4258 ter
1053 4199 1137 4258 eoede
1157 4200 1287 4272 repulsi,·

509 4298 594 4368 Quod
617 4308 764 4372 nequeunt
783 4302 886 4373 armis,
909 4302 964 4360 boe
982 4302 1100 4360 uoluere
1118 4302 1223 4368 minis;

434 4399 512 4458 Dira
530 4400 648 4472 quidem
658 4384 774 4459 ¹nostris
790 4402 920 4461 ducibus
939 4403 1030 4463 datur
1047 4405 1142 4477 optio,
1165 4404 1271 4462 uellent

368 4519 406 4560 ms
506 4500 574 4560 Siue
595 4502 695 4560 urbem
718 4502 817 4561 triduo
837 4504 962 4564 trudere
978 4508 1040 4563 siue
1061 4507 1145 4563 mori.

435 4603 588 4680 Improbe,
611 4610 680 4663 tune
701 4606 788 4665 minis
807 4612 923 4679 pentem
946 4612 1061 4665 terrere
1077 4607 1247 4681 propbunis

507 4706 601 4777 Qum
619 4724 761 4781 nequeas,
783 4710 1029 4779 armisuincere,
1054 4704 1276 4785 Galle,‘.voles.⁷

443 4810 528 4869 Venit
547 4816 576 4868 et
596 4812 697 4869 aerias
719 4812 778 4868 iam
801 4812 888 4869 tertia
911 4810 1026 4884 depulit
1046 4811 1188 4884 umbrasj.
1211 4815 1220 4866 ’.

348 4930 406 4970 -252
504 4912 640 4986 Propitia
662 4916 770 4971 nostris
790 4914 856 4972 tuce
879 4918 997 4971 revecta
1019 4913 1097 4985 dies,
1193 4931 1206 4962 ··.
1231 4928 1236 4941 ·

349 5080 630 5131 morimundus.
691 5078 721 5112 ²¹¹
743 5082 834 5130 subi.
898 5063 1097 5131 ²²⁴setmuull
1154 5078 1276 5144 mpori.
1296 5075 1340 5143 G.]
1360 5076 1442 5127 Galle
1461 5061 1586 5141 superbe

285 5169 377 5217 3...5.
430 5164 637 5215 ²⁸⁰Tibridis5.
691 5164 724 5197 ²³³
736 5165 885 5229 Vindelyci
897 5169 923 5215 3.
953 5160 1322 5232 'princ.]praeceps.3..·.5.
1346 5166 1348 5169 ’
1373 5161 1548 5212 “minibus
1559 5168 1587 5213 5.

282 5250 317 5283 ¹⁸⁷
334 5251 470 5301 venetum
488 5251 603 5300 sociatis
622 5250 736 5301 milibus
752 5250 827 5317 [mill.
842 5252 878 5320 5.]
898 5268 970 5318 ngm.
986 5253 1079 5300 s...5.
1133 5248 1167 5281 ²³⁸
1178 5247 1267 5298 millia
1281 5251 1339 5297 Η.
1399 5246 1510 5315 Gallus]
1533 5254 1588 5300 ian

282 5336 436 5386 &anemuri
455 5335 479 5385 I.
497 5350 556 5385 rex.
608 5332 642 5367 ω
660 5336 809 5386 deerat:
827 5339 915 5388 dirui.
968 5335 1002 5369 ²⁴⁸
1019 5324 1519 5401 m.Aup.a.1sto.outo's1,-aiarem
1537 5337 1586 5385 du·

281 5419 363 5471 cebet.
382 5422 404 5470 is
420 5425 534 5471 tractatu
554 5420 741 5471 Nouioduuensi
757 5440 774 5472 a
794 5424 896 5474 &eiam
916 5422 1060 5485 adprobato
1082 5424 1190 5488 quinque
1217 5420 1342 5470 mensibus
1356 5423 1428 5486 'pisi
1452 5419 1588 5470 Ver-om

283 5509 413 5569 inpressas
429 5512 476 5556 est.
514 5512 700 5573 oppungnant.
715 5510 741 5556 2.
794 5507 825 5540 ²⁵¹
841 5510 978 5558 serensi.
1022 5504 1057 5539 ¹⁴⁹
1075 5501 1279 5572 prohsnism.
