3625 7050
322 1221 382 1272 XVI
812 1213 950 1265 britannis
968 1213 1129 1265 enniano.

324 1400 457 1476 pyrmeis
484 1374 595 1474 girrtine
617 1399 747 1460 adbibito
770 1400 862 1461 adfixa
890 1408 973 1470 srmt,
1004 1420 1090 1479 urrani
1122 1399 1318 1462 miserabilem
1347 1401 1394 1462 iiia
1418 1400 1484 1463 ioiia
1507 1410 1617 1462 sortem

323 1526 434 1601 pariter
463 1523 525 1585 iere
553 1529 649 1586 omnia
680 1536 708 1587 et
737 1546 771 1588 ea
799 1529 885 1587 etiam
908 1529 945 1588 eie
968 1546 1094 1606 quornm
1118 1530 1283 1606 integritate
1306 1530 1484 1608 veritateque
1506 1527 1618 1588 nulium

322 1654 442 1712 omnino
458 1671 525 1711 eum
541 1651 603 1713 aliis
618 1656 707 1714 certis
722 1654 896 1730 imaginibus
918 1656 1055 1714 institutae
1076 1656 1301 1734 conparationes
1321 1652 1444 1716 dubium
1463 1655 1618 1722 relincunt,

322 1779 378 1837 iarn
395 1776 519 1838 florente
535 1780 580 1840 iiia
596 1781 703 1841 Norica
726 1790 813 1857 gente
835 1783 956 1859 patricia
979 1799 1118 1861 perpessa
1141 1790 1223 1841 sunt:
1248 1801 1314 1842 nam
1337 1789 1445 1860 praeter
1461 1781 1517 1841 hoc
1545 1781 1617 1840 ini·—

322 1905 394 1964 riori
423 1907 544 1983 picturae
573 1910 697 1983 margini
726 1907 937 1984 adglutinatum
967 1909 1114 1968 recentius
1137 1909 1278 1985 scriptum
1301 1907 1412 1968 Ubicbi
1441 1907 1478 1968 ab
1509 1907 1617 1967 [butten

322 2048 429 2090 nornen
457 2032 534 2092 idem
563 2052 670 2093 nomen
691 2035 809 2094 Hutteni
837 2043 915 2095 extat
942 2034 979 2094 ab
1003 2036 1066 2114 ipso
1086 2035 1202 2094 liureio
1224 2052 1333 2094 aversae
1356 2033 1415 2093 iolii
1438 2036 1551 2113 paginae
1574 2036 1616 2093 iu-

322 2158 479 2233 scriptmn,
502 2159 580 2236 quod
604 2162 690 2220 etiam
714 2179 792 2221 nunc
814 2164 889 2222 intra
914 2160 1136 2239 particulariter
1153 2161 1318 2221 recentiore
1335 2159 1616 2237 foliosirepirturae

321 2282 412 2342 suardo
435 2292 579 2346 exsectam
603 2287 654 2347 uin
677 2289 798 2349 verteris
821 2287 949 2347 [nimiam
972 2288 1143 2364 conspicias.
1182 2286 1318 2346 Ceterum
1335 2287 1530 2346 bononianum
1546 2285 1616 2346 iliud

321 2416 422 2487 capnt.
451 2413 561 2472 etiamsi
590 2433 655 2491 ursae
682 2415 719 2475 de
747 2415 868 2492 picturis
898 2414 996 2474 dicere
1019 2421 1048 2473 et
1070 2414 1152 2491 utrasi
1175 2414 1203 2472 in
1226 2411 1322 2471 alieno
1345 2413 1409 2472 iore
1432 2413 1544 2489 litigare
1567 2432 1615 2472 eo·

320 2542 404 2595 aetius
433 2536 473 2595 ini
502 2556 606 2616 parmn
635 2540 710 2601 bene
738 2542 868 2618 exposita
891 2548 1002 2608 essent,
1032 2540 1127 2601 iateor
1149 2547 1259 2599 tantam
1283 2540 1410 2599 veritatis
1433 2540 1615 2600 iiuttenianae

320 2661 348 2720 in
373 2640 423 2721 me*
443 2667 690 2746 contemplantem
715 2670 770 2728 rim
794 2667 921 2733 babere.
951 2675 995 2726 ut.
1013 2666 1092 2727 nulia
1120 2666 1191 2727 mibi
1220 2664 1362 2725 dubitatio
1390 2667 1518 2743 supersit
1544 2667 1614 2742 quin

319 2795 378 2854 boc
402 2814 493 2855 unum
516 2813 551 2853 ex
575 2793 711 2854 erunibus
734 2801 878 2872 qrnuqnot
900 2795 971 2862 vim,
1000 2794 1058 2854 vieti
1086 2801 1183 2854 antem
1212 2812 1277 2871 quae
1300 2802 1399 2852 extare
1421 2793 1482 2852 scio
1505 2793 1611 2859 omnia,

320 2939 421 2982 verum
437 2922 554 2981 iintteni
572 2929 676 2999 capnt,
701 2921 763 2980 isaeo
779 2920 897 2981 Hutteni
915 2939 980 2980 vera
1004 2919 1093 2980 iacies
1114 2921 1160 2979 sit.
1184 2900 1186 2906 ¹
1206 2920 1305 2999 itaque
1327 2920 1515 2980 vehementer
1530 2927 1611 2997 opta-

318 3047 375 3106 rim
398 3055 427 3106 et
448 3065 536 3127 spero
559 3049 645 3106 etiam
668 3047 799 3107 intimum
818 3036 887 3106 ⁸esse
910 3054 941 3106 nt
964 3046 1089 3107 tectores
1111 3049 1140 3107 in
1155 3047 1212 3107 boc
1228 3047 1473 3106 Huttenianornm
1488 3048 1612 3123 scripto-

319 3188 385 3252 rum
408 3172 543 3250 exemplo
567 3192 633 3233 ineo
653 3175 715 3232 reri
739 3173 858 3233 iintteni
881 3174 989 3250 ingenii
1012 3173 1089 3233 tranei
1120 3173 1284 3234 deformem
1312 3174 1539 3251 descriptionem
1568 3173 1612 3230 in·

319 3283 383 3358 esse
406 3308 594 3376 cognoscant.

403 3425 488 3494 Vaie,
511 3425 618 3494 lector,
642 3434 671 3486 et
693 3426 853 3486 iintteuum
875 3445 950 3486 ama.

403 3646 513 3706 Dabam
536 3648 646 3708 Bonnae
669 3647 704 3706 ati
728 3645 864 3707 Rbmmm

470 3800 570 3860 idibus
592 3799 800 3861 decembribus

444 3989 469 4029 a.
495 3969 563 4030 clo.
578 3968 625 4032 in.
640 3956 823 4030 coemi]
