<?xml version="1.0" encoding="UTF-8"?>
<!DOCTYPE html PUBLIC "-//W3C//DTD XHTML 1.0 Transitional//EN"
    "http://www.w3.org/TR/xhtml1/DTD/xhtml1-transitional.dtd">
<html xmlns="http://www.w3.org/1999/xhtml" xml:lang="en" lang="en">
 <head>
  <title>
</title>
<meta http-equiv="Content-Type" content="text/html;charset=utf-8" />
  <meta name='ocr-system' content='tesseract 3.04.00' />
  <meta name='ocr-capabilities' content='ocr_page ocr_carea ocr_par ocr_line ocrx_word'/>
</head>
<body>
  <div class='ocr_page' id='page_1' title='image "./ulrichihuttenie00huttgoog_0355.png"; bbox 0 0 3625 7050; ppageno 0'>
   <div class='ocr_carea' id='block_1_1' title="bbox 274 1221 1501 1297">
    <p class='ocr_par' dir='ltr' id='par_1_1' title="bbox 274 1221 1501 1297">
     <span class='ocr_line' id='line_1_1' title="bbox 274 1221 1501 1297; baseline 0.007 -16"><span class='ocrx_word' id='word_1_1' title='bbox 274 1227 359 1282; x_wconf 79' lang='lat' dir='ltr'>XCV.</span> <span class='ocrx_word' id='word_1_2' title='bbox 372 1244 456 1283; x_wconf 81' lang='lat' dir='ltr'><strong>nvrr.</strong></span> <span class='ocrx_word' id='word_1_3' title='bbox 469 1245 506 1283; x_wconf 79' lang='lat' dir='ltr'><strong>aa</strong></span> <span class='ocrx_word' id='word_1_4' title='bbox 519 1246 618 1286; x_wconf 75' lang='lat' dir='ltr'><strong>morsu</strong></span> <span class='ocrx_word' id='word_1_5' title='bbox 630 1249 674 1284; x_wconf 77' lang='lat' dir='ltr'><strong>rr.</strong></span> <span class='ocrx_word' id='word_1_6' title='bbox 689 1240 749 1285; x_wconf 77' lang='lat' dir='ltr'><strong>tote.</strong></span> <span class='ocrx_word' id='word_1_7' title='bbox 777 1232 874 1286; x_wconf 84' lang='lat' dir='ltr'><strong>xcvt.</strong></span> <span class='ocrx_word' id='word_1_8' title='bbox 887 1249 1215 1290; x_wconf 61' lang='lat' dir='ltr'><strong>aspernationem.</strong></span> <span class='ocrx_word' id='word_1_9' title='bbox 1228 1248 1264 1287; x_wconf 72' lang='lat' dir='ltr'><strong>aa</strong></span> <span class='ocrx_word' id='word_1_10' title='bbox 1277 1250 1390 1288; x_wconf 76' lang='lat' dir='ltr'><strong>ovano.</strong></span> <span class='ocrx_word' id='word_1_11' title='bbox 1426 1221 1501 1297; x_wconf 78' lang='grc'><strong>225</strong></span> 
     </span>
    </p>
   </div>
   <div class='ocr_carea' id='block_1_2' title="bbox 211 1399 1557 1886">
    <p class='ocr_par' dir='ltr' id='par_1_2' title="bbox 211 1399 1557 1886">
     <span class='ocr_line' id='line_1_2' title="bbox 211 1399 1501 1484; baseline 0.007 -24"><span class='ocrx_word' id='word_1_12' title='bbox 211 1399 357 1479; x_wconf 61' lang='lat' dir='ltr'><strong>ruendam</strong></span> <span class='ocrx_word' id='word_1_13' title='bbox 379 1419 525 1463; x_wconf 88' lang='lat' dir='ltr'><strong>morsum:</strong></span> <span class='ocrx_word' id='word_1_14' title='bbox 561 1422 728 1483; x_wconf 85' lang='lat' dir='ltr'><strong>quanquam</strong></span> <span class='ocrx_word' id='word_1_15' title='bbox 750 1422 810 1464; x_wconf 90' lang='lat' dir='ltr'><strong>uon</strong></span> <span class='ocrx_word' id='word_1_16' title='bbox 833 1404 971 1482; x_wconf 83' lang='lat' dir='ltr'><strong>ignorare</strong></span> <span class='ocrx_word' id='word_1_17' title='bbox 994 1403 1084 1465; x_wconf 87' lang='lat' dir='ltr'><strong>dehes</strong></span> <span class='ocrx_word' id='word_1_18' title='bbox 1105 1412 1137 1464; x_wconf 90' lang='lat' dir='ltr'><strong>tu</strong></span> <span class='ocrx_word' id='word_1_19' title='bbox 1160 1406 1198 1465; x_wconf 82' lang='lat' dir='ltr'><strong>ita</strong></span> <span class='ocrx_word' id='word_1_20' title='bbox 1221 1406 1291 1466; x_wconf 89' lang='lat' dir='ltr'><strong>mihi</strong></span> <span class='ocrx_word' id='word_1_21' title='bbox 1314 1405 1446 1484; x_wconf 84' lang='lat' dir='ltr'><strong>plaeere,</strong></span> <span class='ocrx_word' id='word_1_22' title='bbox 1477 1413 1501 1469; x_wconf 90' lang='lat' dir='ltr'><strong>si</strong></span> 
     </span>
     <span class='ocr_line' id='line_1_3' title="bbox 212 1502 1501 1587; baseline 0.006 -25"><span class='ocrx_word' id='word_1_23' title='bbox 212 1520 255 1563; x_wconf 88' lang='lat' dir='ltr'><strong>ne</strong></span> <span class='ocrx_word' id='word_1_24' title='bbox 277 1520 365 1562; x_wconf 88' lang='lat' dir='ltr'><strong>suum</strong></span> <span class='ocrx_word' id='word_1_25' title='bbox 388 1502 466 1563; x_wconf 82' lang='lat' dir='ltr'><strong>dicet</strong></span> <span class='ocrx_word' id='word_1_26' title='bbox 487 1503 691 1572; x_wconf 85' lang='lat' dir='ltr'><strong>Bartholinus,</strong></span> <span class='ocrx_word' id='word_1_27' title='bbox 715 1510 747 1565; x_wconf 87' lang='lat' dir='ltr'><strong>ut</strong></span> <span class='ocrx_word' id='word_1_28' title='bbox 769 1506 886 1566; x_wconf 81' lang='lat' dir='ltr'>interim</span> <span class='ocrx_word' id='word_1_29' title='bbox 908 1523 968 1564; x_wconf 93' lang='lat' dir='ltr'><strong>non</strong></span> <span class='ocrx_word' id='word_1_30' title='bbox 991 1505 1142 1583; x_wconf 80' lang='lat' dir='ltr'><strong>displiceat</strong></span> <span class='ocrx_word' id='word_1_31' title='bbox 1163 1508 1280 1567; x_wconf 80' lang='lat' dir='ltr'>sinistre</span> <span class='ocrx_word' id='word_1_32' title='bbox 1301 1509 1331 1567; x_wconf 93' lang='lat' dir='ltr'><strong>in</strong></span> <span class='ocrx_word' id='word_1_33' title='bbox 1352 1527 1399 1569; x_wconf 90' lang='lat' dir='ltr'><strong>me</strong></span> <span class='ocrx_word' id='word_1_34' title='bbox 1422 1509 1501 1587; x_wconf 62' lang='lat' dir='ltr'><strong>flod</strong></span> 
     </span>
     <span class='ocr_line' id='line_1_4' title="bbox 211 1603 1557 1685; baseline 0.001 -22"><span class='ocrx_word' id='word_1_35' title='bbox 211 1604 238 1663; x_wconf 89' lang='lat' dir='ltr'><strong>it</strong></span> <span class='ocrx_word' id='word_1_36' title='bbox 260 1610 313 1664; x_wconf 76' lang='lat' dir='ltr'><strong>aaut</strong></span> <span class='ocrx_word' id='word_1_37' title='bbox 334 1603 433 1665; x_wconf 84' lang='lat' dir='ltr'><strong>ltaliee</strong></span> <span class='ocrx_word' id='word_1_38' title='bbox 456 1606 534 1684; x_wconf 87' lang='lat' dir='ltr'><strong>quod</strong></span> <span class='ocrx_word' id='word_1_39' title='bbox 557 1607 598 1666; x_wconf 83' lang='lat' dir='ltr'><strong>ut.</strong></span> <span class='ocrx_word' id='word_1_40' title='bbox 635 1605 694 1665; x_wconf 91' lang='lat' dir='ltr'><strong>Sed</strong></span> <span class='ocrx_word' id='word_1_41' title='bbox 716 1605 847 1666; x_wconf 89' lang='lat' dir='ltr'><strong>desinam</strong></span> <span class='ocrx_word' id='word_1_42' title='bbox 869 1604 963 1683; x_wconf 83' lang='lat' dir='ltr'><strong>plura.</strong></span> <span class='ocrx_word' id='word_1_43' title='bbox 1000 1604 1061 1674; x_wconf 85' lang='lat' dir='ltr'><strong>Tu,</strong></span> <span class='ocrx_word' id='word_1_44' title='bbox 1085 1606 1162 1685; x_wconf 86' lang='lat' dir='ltr'><strong>quod</strong></span> <span class='ocrx_word' id='word_1_45' title='bbox 1183 1607 1267 1675; x_wconf 85' lang='lat' dir='ltr'><strong>lacis,</strong></span> <span class='ocrx_word' id='word_1_46' title='bbox 1291 1610 1367 1668; x_wconf 88' lang='lat' dir='ltr'><strong>inter</strong></span> <span class='ocrx_word' id='word_1_47' title='bbox 1381 1610 1557 1670; x_wconf 73' lang='lat' dir='ltr'><strong>maden-es.</strong></span> 
     </span>
     <span class='ocr_line' id='line_1_5' title="bbox 211 1703 1503 1789; baseline 0.006 -25"><span class='ocrx_word' id='word_1_48' title='bbox 211 1703 279 1764; x_wconf 88' lang='lat' dir='ltr'><strong>lum</strong></span> <span class='ocrx_word' id='word_1_49' title='bbox 302 1703 421 1765; x_wconf 82' lang='lat' dir='ltr'><strong>Guaiaei</strong></span> <span class='ocrx_word' id='word_1_50' title='bbox 444 1714 579 1766; x_wconf 83' lang='lat' dir='ltr'><strong>naturam</strong></span> <span class='ocrx_word' id='word_1_51' title='bbox 601 1706 753 1775; x_wconf 88' lang='lat' dir='ltr'><strong>omnihus,</strong></span> <span class='ocrx_word' id='word_1_52' title='bbox 783 1714 814 1767; x_wconf 91' lang='lat' dir='ltr'><strong>ut</strong></span> <span class='ocrx_word' id='word_1_53' title='bbox 835 1709 874 1766; x_wconf 82' lang='lat' dir='ltr'><strong>ita</strong></span> <span class='ocrx_word' id='word_1_54' title='bbox 897 1707 1008 1775; x_wconf 79' lang='lat' dir='ltr'><strong>dicam,</strong></span> <span class='ocrx_word' id='word_1_55' title='bbox 1036 1708 1162 1784; x_wconf 74' lang='lat' dir='ltr'><strong>vestigiis</strong></span> <span class='ocrx_word' id='word_1_56' title='bbox 1192 1709 1315 1786; x_wconf 82' lang='lat' dir='ltr'>inquire.</span> <span class='ocrx_word' id='word_1_57' title='bbox 1361 1728 1415 1787; x_wconf 79' lang='lat' dir='ltr'><strong>ego</strong></span> <span class='ocrx_word' id='word_1_58' title='bbox 1438 1713 1503 1789; x_wconf 91' lang='lat' dir='ltr'><strong>qui·</strong></span> 
     </span>
     <span class='ocr_line' id='line_1_6' title="bbox 211 1805 1503 1886; baseline 0.005 -20"><span class='ocrx_word' id='word_1_59' title='bbox 211 1806 292 1877; x_wconf 82' lang='lat' dir='ltr'><strong>lem,</strong></span> <span class='ocrx_word' id='word_1_60' title='bbox 315 1815 349 1867; x_wconf 91' lang='lat' dir='ltr'><strong>ut</strong></span> <span class='ocrx_word' id='word_1_61' title='bbox 370 1806 499 1876; x_wconf 81' lang='lat' dir='ltr'><strong>voluisti,</strong></span> <span class='ocrx_word' id='word_1_62' title='bbox 523 1826 588 1886; x_wconf 82' lang='lat' dir='ltr'><strong>quae</strong></span> <span class='ocrx_word' id='word_1_63' title='bbox 611 1809 668 1869; x_wconf 90' lang='lat' dir='ltr'><strong>iarn</strong></span> <span class='ocrx_word' id='word_1_64' title='bbox 691 1805 840 1885; x_wconf 83' lang='lat' dir='ltr'><strong>explorata</strong></span> <span class='ocrx_word' id='word_1_65' title='bbox 861 1807 1059 1876; x_wconf 77' lang='lat' dir='ltr'>habebamus,</span> <span class='ocrx_word' id='word_1_66' title='bbox 1084 1826 1118 1868; x_wconf 87' lang='lat' dir='ltr'><strong>ea</strong></span> <span class='ocrx_word' id='word_1_67' title='bbox 1140 1809 1169 1866; x_wconf 95' lang='lat' dir='ltr'><strong>in</strong></span> <span class='ocrx_word' id='word_1_68' title='bbox 1192 1807 1290 1868; x_wconf 84' lang='lat' dir='ltr'><strong>literas</strong></span> <span class='ocrx_word' id='word_1_69' title='bbox 1318 1806 1412 1870; x_wconf 86' lang='lat' dir='ltr'><strong>retuli.</strong></span> <span class='ocrx_word' id='word_1_70' title='bbox 1457 1813 1503 1872; x_wconf 83' lang='lat' dir='ltr'><strong>Tu</strong></span> 
     </span>
    </p>
   </div>
   <div class='ocr_carea' id='block_1_3' title="bbox 211 1906 1502 2087">
    <p class='ocr_par' dir='ltr' id='par_1_3' title="bbox 211 1906 1502 2087">
     <span class='ocr_line' id='line_1_7' title="bbox 211 1906 1502 1987; baseline 0.005 -19"><span class='ocrx_word' id='word_1_71' title='bbox 211 1906 301 1975; x_wconf 72' lang='lat' dir='ltr'><strong>udde,</strong></span> <span class='ocrx_word' id='word_1_72' title='bbox 324 1926 389 1987; x_wconf 83' lang='lat' dir='ltr'><strong>quae</strong></span> <span class='ocrx_word' id='word_1_73' title='bbox 412 1911 591 1986; x_wconf 77' lang='lat' dir='ltr'>experientia</span> <span class='ocrx_word' id='word_1_74' title='bbox 614 1928 788 1987; x_wconf 82' lang='lat' dir='ltr'>cognosces,</span> <span class='ocrx_word' id='word_1_75' title='bbox 811 1928 846 1972; x_wconf 84' lang='lat' dir='ltr'><strong>ae</strong></span> <span class='ocrx_word' id='word_1_76' title='bbox 867 1908 1028 1969; x_wconf 90' lang='lat' dir='ltr'><strong>lluttenum</strong></span> <span class='ocrx_word' id='word_1_77' title='bbox 1051 1928 1116 1969; x_wconf 83' lang='lat' dir='ltr'><strong>ama</strong></span> <span class='ocrx_word' id='word_1_78' title='bbox 1138 1916 1284 1969; x_wconf 77' lang='lat' dir='ltr'><strong>uertentem</strong></span> <span class='ocrx_word' id='word_1_79' title='bbox 1314 1917 1341 1970; x_wconf 88' lang='lat' dir='ltr'><strong>te</strong></span> <span class='ocrx_word' id='word_1_80' title='bbox 1371 1914 1502 1974; x_wconf 82' lang='lat' dir='ltr'><strong>mirilico.</strong></span> 
     </span>
     <span class='ocr_line' id='line_1_8' title="bbox 211 2008 940 2087; baseline 0.004 -20"><span class='ocrx_word' id='word_1_81' title='bbox 211 2009 358 2087; x_wconf 78' lang='lat' dir='ltr'><strong>lugustae.</strong></span> <span class='ocrx_word' id='word_1_82' title='bbox 381 2008 454 2070; x_wconf 87' lang='lat' dir='ltr'><strong>ldih.</strong></span> <span class='ocrx_word' id='word_1_83' title='bbox 478 2010 651 2071; x_wconf 78' lang='lat' dir='ltr'><strong>Nouembris</strong></span> <span class='ocrx_word' id='word_1_84' title='bbox 673 2009 727 2070; x_wconf 76' lang='lat' dir='ltr'><strong>hu.</strong></span> <span class='ocrx_word' id='word_1_85' title='bbox 750 2009 940 2070; x_wconf 68' lang='lat' dir='ltr'><strong>intumult.</strong></span> 
     </span>
    </p>
   </div>
   <div class='ocr_carea' id='block_1_4' title="bbox 214 2400 1550 2549">
    <p class='ocr_par' dir='ltr' id='par_1_4' title="bbox 214 2400 1550 2549">
     <span class='ocr_line' id='line_1_9' title="bbox 214 2400 1550 2549; baseline 0.001 -17"><span class='ocrx_word' id='word_1_86' title='bbox 214 2400 404 2548; x_wconf 56' lang='lat' dir='ltr'><strong>[natan]</strong></span> <span class='ocrx_word' id='word_1_87' title='bbox 471 2495 474 2501; x_wconf 90' lang='lat'>·</span> <span class='ocrx_word' id='word_1_88' title='bbox 731 2463 987 2538; x_wconf 78' lang='lat' dir='ltr'><strong>Lxxxxvr.</strong></span> <span class='ocrx_word' id='word_1_89' title='bbox 1095 2538 1098 2543; x_wconf 84' lang='grc'><strong>,</strong></span> <span class='ocrx_word' id='word_1_90' title='bbox 1267 2413 1550 2549; x_wconf 49' lang='lat' dir='ltr'><strong>[amarint</strong></span> 
     </span>
    </p>
   </div>
   <div class='ocr_carea' id='block_1_5' title="bbox 1267 2555 1503 2565">
    <p class='ocr_par' dir='ltr' id='par_1_5' title="bbox 1267 2555 1503 2565">
     <span class='ocr_line' id='line_1_10' title="bbox 1267 2555 1503 2565; baseline 0.008 -2"><span class='ocrx_word' id='word_1_91' title='bbox 1267 2555 1503 2565; x_wconf 46' lang='grc' dir='ltr'><strong>ψ-</strong></span> 
     </span>
    </p>
   </div>
   <div class='ocr_carea' id='block_1_6' title="bbox 595 2637 1117 2694">
    <p class='ocr_par' dir='ltr' id='par_1_6' title="bbox 595 2637 1117 2694">
     <span class='ocr_line' id='line_1_11' title="bbox 595 2637 1117 2694; baseline 0.004 -4"><span class='ocrx_word' id='word_1_92' title='bbox 595 2637 710 2692; x_wconf 86' lang='lat' dir='ltr'>VVLPH.</span> <span class='ocrx_word' id='word_1_93' title='bbox 733 2638 906 2694; x_wconf 76' lang='lat' dir='ltr'>ANGVSTVS</span> <span class='ocrx_word' id='word_1_94' title='bbox 929 2637 1067 2693; x_wconf 77' lang='lat' dir='ltr'>LECTORI</span> <span class='ocrx_word' id='word_1_95' title='bbox 1090 2637 1117 2692; x_wconf 88' lang='lat' dir='ltr'><strong>S.</strong></span> 
     </span>
    </p>
   </div>
   <div class='ocr_carea' id='block_1_7' title="bbox 211 2772 1561 4366">
    <p class='ocr_par' dir='ltr' id='par_1_7' title="bbox 211 2772 1561 4282">
     <span class='ocr_line' id='line_1_12' title="bbox 295 2772 1559 2849; baseline 0.003 -21"><span class='ocrx_word' id='word_1_96' title='bbox 295 2773 450 2846; x_wconf 73' lang='lat' dir='ltr'><strong>Antigonus</strong></span> <span class='ocrx_word' id='word_1_97' title='bbox 472 2790 539 2828; x_wconf 84' lang='lat' dir='ltr'><strong>saeva</strong></span> <span class='ocrx_word' id='word_1_98' title='bbox 564 2772 699 2846; x_wconf 87' lang='lat' dir='ltr'><strong>quondam</strong></span> <span class='ocrx_word' id='word_1_99' title='bbox 723 2781 883 2846; x_wconf 85' lang='lat' dir='ltr'><strong>tempestate</strong></span> <span class='ocrx_word' id='word_1_100' title='bbox 907 2773 1021 2828; x_wconf 84' lang='lat' dir='ltr'><strong>iactatus</strong></span> <span class='ocrx_word' id='word_1_101' title='bbox 1045 2773 1071 2827; x_wconf 93' lang='lat' dir='ltr'><strong>in</strong></span> <span class='ocrx_word' id='word_1_102' title='bbox 1094 2772 1186 2828; x_wconf 89' lang='lat' dir='ltr'><strong>eadem</strong></span> <span class='ocrx_word' id='word_1_103' title='bbox 1209 2790 1275 2829; x_wconf 81' lang='lat' dir='ltr'><strong>riave</strong></span> <span class='ocrx_word' id='word_1_104' title='bbox 1297 2791 1389 2830; x_wconf 87' lang='lat' dir='ltr'><strong>seeum</strong></span> <span class='ocrx_word' id='word_1_105' title='bbox 1417 2782 1559 2849; x_wconf 76' lang='lat' dir='ltr'><strong>quamsi.</strong></span> 
     </span>
     <span class='ocr_line' id='line_1_13' title="bbox 211 2857 1502 2930; baseline 0.002 -17"><span class='ocrx_word' id='word_1_106' title='bbox 211 2876 274 2915; x_wconf 77' lang='lat' dir='ltr'><strong>suos</strong></span> <span class='ocrx_word' id='word_1_107' title='bbox 291 2875 387 2914; x_wconf 89' lang='lat' dir='ltr'><strong>omnes</strong></span> <span class='ocrx_word' id='word_1_108' title='bbox 402 2857 557 2919; x_wconf 82' lang='lat' dir='ltr'><strong>habuisset.</strong></span> <span class='ocrx_word' id='word_1_109' title='bbox 581 2874 745 2930; x_wconf 69' lang='lat' dir='ltr'><strong>praecepisse</strong></span> <span class='ocrx_word' id='word_1_110' title='bbox 761 2857 854 2912; x_wconf 90' lang='lat' dir='ltr'><strong>liberis</strong></span> <span class='ocrx_word' id='word_1_111' title='bbox 876 2857 990 2918; x_wconf 87' lang='lat' dir='ltr'><strong>dieitur.</strong></span> <span class='ocrx_word' id='word_1_112' title='bbox 1020 2864 1050 2911; x_wconf 94' lang='lat' dir='ltr'><strong>ut</strong></span> <span class='ocrx_word' id='word_1_113' title='bbox 1073 2864 1100 2911; x_wconf 90' lang='lat' dir='ltr'><strong>et</strong></span> <span class='ocrx_word' id='word_1_114' title='bbox 1126 2858 1177 2929; x_wconf 88' lang='lat' dir='ltr'><strong>ipsi</strong></span> <span class='ocrx_word' id='word_1_115' title='bbox 1200 2859 1386 2915; x_wconf 71' lang='lat' dir='ltr'><strong>meminissent</strong></span> <span class='ocrx_word' id='word_1_116' title='bbox 1411 2868 1439 2915; x_wconf 85' lang='lat' dir='ltr'><strong>et</strong></span> <span class='ocrx_word' id='word_1_117' title='bbox 1465 2863 1502 2916; x_wconf 82' lang='lat' dir='ltr'><strong>ito</strong></span> 
     </span>
     <span class='ocr_line' id='line_1_14' title="bbox 211 2941 1502 3018; baseline 0.002 -19"><span class='ocrx_word' id='word_1_118' title='bbox 211 2942 332 3018; x_wconf 72' lang='lat' dir='ltr'><strong>posteris</strong></span> <span class='ocrx_word' id='word_1_119' title='bbox 359 2942 522 3016; x_wconf 86' lang='lat' dir='ltr'><strong>proderent,</strong></span> <span class='ocrx_word' id='word_1_120' title='bbox 541 2943 585 2997; x_wconf 80' lang='lat' dir='ltr'><strong>&#39;ne</strong></span> <span class='ocrx_word' id='word_1_121' title='bbox 615 2942 675 3014; x_wconf 89' lang='lat' dir='ltr'><strong>quis</strong></span> <span class='ocrx_word' id='word_1_122' title='bbox 698 2959 759 2997; x_wconf 89' lang='lat' dir='ltr'><strong>eum</strong></span> <span class='ocrx_word' id='word_1_123' title='bbox 781 2950 840 2997; x_wconf 91' lang='lat' dir='ltr'><strong>tota</strong></span> <span class='ocrx_word' id='word_1_124' title='bbox 863 2950 946 3013; x_wconf 81' lang='lat' dir='ltr'><strong>gente</strong></span> <span class='ocrx_word' id='word_1_125' title='bbox 969 2941 1049 2996; x_wconf 89' lang='lat' dir='ltr'><strong>simul</strong></span> <span class='ocrx_word' id='word_1_126' title='bbox 1072 2941 1099 2995; x_wconf 91' lang='lat' dir='ltr'><strong>in</strong></span> <span class='ocrx_word' id='word_1_127' title='bbox 1128 2942 1210 2996; x_wconf 86' lang='lat' dir='ltr'><strong>rebus</strong></span> <span class='ocrx_word' id='word_1_128' title='bbox 1237 2942 1327 2997; x_wconf 90' lang='lat' dir='ltr'><strong>dubiis</strong></span> <span class='ocrx_word' id='word_1_129' title='bbox 1353 2945 1502 3018; x_wconf 80' lang='lat' dir='ltr'><strong>periclitari</strong></span> 
     </span>
     <span class='ocr_line' id='line_1_15' title="bbox 211 3025 1560 3113; baseline 0.001 -31"><span class='ocrx_word' id='word_1_130' title='bbox 211 3028 332 3084; x_wconf 78' lang='lat' dir='ltr'><strong>inderet.</strong></span> <span class='ocrx_word' id='word_1_131' title='bbox 376 3026 461 3081; x_wconf 90' lang='lat' dir='ltr'><strong>lluius</strong></span> <span class='ocrx_word' id='word_1_132' title='bbox 489 3027 570 3081; x_wconf 85' lang='lat' dir='ltr'><strong>etiam</strong></span> <span class='ocrx_word' id='word_1_133' title='bbox 598 3043 701 3081; x_wconf 88' lang='lat' dir='ltr'><strong>memor</strong></span> <span class='ocrx_word' id='word_1_134' title='bbox 729 3026 859 3099; x_wconf 77' lang='lat' dir='ltr'><strong>praecepti</strong></span> <span class='ocrx_word' id='word_1_135' title='bbox 881 3025 1023 3098; x_wconf 86' lang='lat' dir='ltr'><strong>Philippus</strong></span> <span class='ocrx_word' id='word_1_136' title='bbox 1051 3030 1162 3080; x_wconf 80' lang='lat' dir='ltr'><strong>demum</strong></span> <span class='ocrx_word' id='word_1_137' title='bbox 1193 3035 1312 3082; x_wconf 90' lang='lat' dir='ltr'><strong>montem</strong></span> <span class='ocrx_word' id='word_1_138' title='bbox 1340 3037 1560 3113; x_wconf 57' lang='lat' dir='ltr'><strong>aseerrsurustt.</strong></span> 
     </span>
     <span class='ocr_line' id='line_1_16' title="bbox 211 3108 1503 3169; baseline 0.002 -2"><span class='ocrx_word' id='word_1_139' title='bbox 211 3112 328 3168; x_wconf 75' lang='lat' dir='ltr'><strong>alterurn</strong></span> <span class='ocrx_word' id='word_1_140' title='bbox 350 3128 382 3166; x_wconf 79' lang='lat' dir='ltr'><strong>ex</strong></span> <span class='ocrx_word' id='word_1_141' title='bbox 404 3110 466 3166; x_wconf 80' lang='lat' dir='ltr'><strong>hliis</strong></span> <span class='ocrx_word' id='word_1_142' title='bbox 488 3127 544 3165; x_wconf 93' lang='lat' dir='ltr'><strong>non</strong></span> <span class='ocrx_word' id='word_1_143' title='bbox 567 3111 626 3165; x_wconf 88' lang='lat' dir='ltr'><strong>sine</strong></span> <span class='ocrx_word' id='word_1_144' title='bbox 647 3110 864 3165; x_wconf 78' lang='lat' dir='ltr'><strong>dissimulatione</strong></span> <span class='ocrx_word' id='word_1_145' title='bbox 891 3127 971 3165; x_wconf 74' lang='lat' dir='ltr'><strong>«usus</strong></span> <span class='ocrx_word' id='word_1_146' title='bbox 1001 3108 1067 3165; x_wconf 81' lang='lat' dir='ltr'><strong>alere</strong></span> <span class='ocrx_word' id='word_1_147' title='bbox 1094 3109 1244 3165; x_wconf 80' lang='lat' dir='ltr'><strong>difficillimi</strong></span> <span class='ocrx_word' id='word_1_148' title='bbox 1273 3111 1299 3166; x_wconf 93' lang='lat' dir='ltr'><strong>in</strong></span> <span class='ocrx_word' id='word_1_149' title='bbox 1322 3111 1503 3169; x_wconf 85' lang='lat' dir='ltr'><strong>llaeedoniam</strong></span> 
     </span>
     <span class='ocr_line' id='line_1_17' title="bbox 211 3193 1561 3269; baseline 0 -17"><span class='ocrx_word' id='word_1_150' title='bbox 211 3195 356 3269; x_wconf 74' lang='lat' dir='ltr'><strong>ablegavit.</strong></span> <span class='ocrx_word' id='word_1_151' title='bbox 399 3194 499 3250; x_wconf 84' lang='lat' dir='ltr'><strong>Eodem</strong></span> <span class='ocrx_word' id='word_1_152' title='bbox 523 3194 753 3268; x_wconf 79' lang='lat' dir='ltr'><strong>apophthegmote</strong></span> <span class='ocrx_word' id='word_1_153' title='bbox 781 3193 925 3249; x_wconf 81' lang='lat' dir='ltr'><strong>inrtdudum</strong></span> <span class='ocrx_word' id='word_1_154' title='bbox 947 3194 1096 3249; x_wconf 90' lang='lat' dir='ltr'><strong>Huttenum</strong></span> <span class='ocrx_word' id='word_1_155' title='bbox 1123 3194 1150 3249; x_wconf 92' lang='lat' dir='ltr'><strong>in</strong></span> <span class='ocrx_word' id='word_1_156' title='bbox 1179 3195 1302 3250; x_wconf 86' lang='lat' dir='ltr'><strong>militium</strong></span> <span class='ocrx_word' id='word_1_157' title='bbox 1332 3196 1561 3269; x_wconf 75' lang='lat' dir='ltr'><strong>proficiscen-§.u</strong></span> 
     </span>
     <span class='ocr_line' id='line_1_18' title="bbox 211 3277 1504 3340; baseline 0.001 -4"><span class='ocrx_word' id='word_1_158' title='bbox 211 3298 264 3339; x_wconf 78' lang='lat' dir='ltr'><strong>:em</strong></span> <span class='ocrx_word' id='word_1_159' title='bbox 287 3278 428 3340; x_wconf 79' lang='lat' dir='ltr'><strong>admonui,</strong></span> <span class='ocrx_word' id='word_1_160' title='bbox 452 3287 484 3333; x_wconf 92' lang='lat' dir='ltr'><strong>ut</strong></span> <span class='ocrx_word' id='word_1_161' title='bbox 505 3278 600 3334; x_wconf 73' lang='lat' dir='ltr'><strong>loetum</strong></span> <span class='ocrx_word' id='word_1_162' title='bbox 623 3288 796 3334; x_wconf 83' lang='lat' dir='ltr'><strong>recentema</strong></span> <span class='ocrx_word' id='word_1_163' title='bbox 826 3296 856 3334; x_wconf 92' lang='lat' dir='ltr'><strong>se</strong></span> <span class='ocrx_word' id='word_1_164' title='bbox 885 3279 1001 3340; x_wconf 82' lang='lat' dir='ltr'><strong>editum,</strong></span> <span class='ocrx_word' id='word_1_165' title='bbox 1032 3277 1130 3333; x_wconf 85' lang='lat' dir='ltr'><strong>lihrum</strong></span> <span class='ocrx_word' id='word_1_166' title='bbox 1161 3278 1232 3334; x_wconf 87' lang='lat' dir='ltr'><strong>hune</strong></span> <span class='ocrx_word' id='word_1_167' title='bbox 1258 3280 1292 3334; x_wconf 91' lang='lat' dir='ltr'><strong>de</strong></span> <span class='ocrx_word' id='word_1_168' title='bbox 1315 3279 1422 3337; x_wconf 85' lang='lat' dir='ltr'><strong>Guaiaei</strong></span> <span class='ocrx_word' id='word_1_169' title='bbox 1450 3299 1504 3337; x_wconf 81' lang='lat' dir='ltr'><strong>nie·</strong></span> 
     </span>
     <span class='ocr_line' id='line_1_19' title="bbox 211 3361 1504 3439; baseline 0 -18"><span class='ocrx_word' id='word_1_170' title='bbox 211 3365 308 3427; x_wconf 80' lang='lat' dir='ltr'><strong>licina,</strong></span> <span class='ocrx_word' id='word_1_171' title='bbox 331 3362 447 3420; x_wconf 79' lang='lat' dir='ltr'><strong>ollieinai</strong></span> <span class='ocrx_word' id='word_1_172' title='bbox 469 3371 571 3418; x_wconf 76' lang='lat' dir='ltr'><strong>nostra</strong></span> <span class='ocrx_word' id='word_1_173' title='bbox 594 3363 620 3417; x_wconf 93' lang='lat' dir='ltr'><strong>in</strong></span> <span class='ocrx_word' id='word_1_174' title='bbox 643 3361 717 3418; x_wconf 90' lang='lat' dir='ltr'><strong>mille</strong></span> <span class='ocrx_word' id='word_1_175' title='bbox 739 3370 834 3437; x_wconf 85' lang='lat' dir='ltr'><strong>partus</strong></span> <span class='ocrx_word' id='word_1_176' title='bbox 857 3364 983 3418; x_wconf 71' lang='lat' dir='ltr'><strong>ell&#39;usura,</strong></span> <span class='ocrx_word' id='word_1_177' title='bbox 1006 3362 1202 3418; x_wconf 82' lang='lat' dir='ltr'><strong>committeret:</strong></span> <span class='ocrx_word' id='word_1_178' title='bbox 1226 3380 1281 3419; x_wconf 92' lang='lat' dir='ltr'><strong>non</strong></span> <span class='ocrx_word' id='word_1_179' title='bbox 1305 3371 1358 3419; x_wconf 90' lang='lat' dir='ltr'><strong>tam</strong></span> <span class='ocrx_word' id='word_1_180' title='bbox 1380 3367 1504 3439; x_wconf 73' lang='lat' dir='ltr'><strong>persuasi</strong></span> 
     </span>
     <span class='ocr_line' id='line_1_20' title="bbox 211 3447 1503 3525; baseline 0 -20"><span class='ocrx_word' id='word_1_181' title='bbox 211 3466 292 3525; x_wconf 77' lang='lat' dir='ltr'><strong>puam</strong></span> <span class='ocrx_word' id='word_1_182' title='bbox 314 3463 393 3522; x_wconf 79' lang='lat' dir='ltr'><strong>paene</strong></span> <span class='ocrx_word' id='word_1_183' title='bbox 415 3447 531 3503; x_wconf 81' lang='lat' dir='ltr'><strong>extorsi:</strong></span> <span class='ocrx_word' id='word_1_184' title='bbox 556 3464 635 3520; x_wconf 92' lang='lat' dir='ltr'><strong>quem</strong></span> <span class='ocrx_word' id='word_1_185' title='bbox 658 3447 774 3520; x_wconf 82' lang='lat' dir='ltr'><strong>alioqui,</strong></span> <span class='ocrx_word' id='word_1_186' title='bbox 799 3448 857 3520; x_wconf 90' lang='lat' dir='ltr'><strong>ipse</strong></span> <span class='ocrx_word' id='word_1_187' title='bbox 873 3448 1009 3520; x_wconf 80' lang='lat' dir='ltr'><strong>sagacior,</strong></span> <span class='ocrx_word' id='word_1_188' title='bbox 1033 3447 1224 3503; x_wconf 83' lang='lat' dir='ltr'><strong>emendaturus</strong></span> <span class='ocrx_word' id='word_1_189' title='bbox 1245 3448 1268 3501; x_wconf 93' lang='lat' dir='ltr'><strong>si</strong></span> <span class='ocrx_word' id='word_1_190' title='bbox 1291 3447 1413 3504; x_wconf 82' lang='lat' dir='ltr'><strong>licuisset</strong></span> <span class='ocrx_word' id='word_1_191' title='bbox 1436 3458 1503 3505; x_wconf 84' lang='lat' dir='ltr'><strong>erat.</strong></span> 
     </span>
     <span class='ocr_line' id='line_1_21' title="bbox 211 3531 1504 3609; baseline -0.002 -17"><span class='ocrx_word' id='word_1_192' title='bbox 211 3552 302 3592; x_wconf 71' lang='lat' dir='ltr'><strong>men</strong></span> <span class='ocrx_word' id='word_1_193' title='bbox 326 3541 457 3607; x_wconf 84' lang='lat' dir='ltr'><strong>quantum</strong></span> <span class='ocrx_word' id='word_1_194' title='bbox 478 3533 593 3606; x_wconf 87' lang='lat' dir='ltr'><strong>penuria</strong></span> <span class='ocrx_word' id='word_1_195' title='bbox 615 3533 747 3605; x_wconf 88' lang='lat' dir='ltr'><strong>temporis</strong></span> <span class='ocrx_word' id='word_1_196' title='bbox 769 3532 937 3607; x_wconf 85' lang='lat' dir='ltr'><strong>patiebatur.</strong></span> <span class='ocrx_word' id='word_1_197' title='bbox 966 3549 1048 3587; x_wconf 92' lang='lat' dir='ltr'><strong>unum</strong></span> <span class='ocrx_word' id='word_1_198' title='bbox 1077 3531 1119 3587; x_wconf 86' lang='lat' dir='ltr'><strong>vel</strong></span> <span class='ocrx_word' id='word_1_199' title='bbox 1146 3532 1275 3594; x_wconf 89' lang='lat' dir='ltr'><strong>alterum,</strong></span> <span class='ocrx_word' id='word_1_200' title='bbox 1303 3550 1364 3589; x_wconf 91' lang='lat' dir='ltr'><strong>cum</strong></span> <span class='ocrx_word' id='word_1_201' title='bbox 1387 3534 1504 3609; x_wconf 81' lang='lat' dir='ltr'><strong>epistola</strong></span> 
     </span>
     <span class='ocr_line' id='line_1_22' title="bbox 211 3615 1504 3695; baseline -0.002 -19"><span class='ocrx_word' id='word_1_202' title='bbox 211 3636 263 3695; x_wconf 74' lang='lat' dir='ltr'><strong>pua</strong></span> <span class='ocrx_word' id='word_1_203' title='bbox 286 3618 404 3693; x_wconf 81' lang='lat' dir='ltr'><strong>principi</strong></span> <span class='ocrx_word' id='word_1_204' title='bbox 426 3625 523 3673; x_wconf 87' lang='lat' dir='ltr'><strong>nostro</strong></span> <span class='ocrx_word' id='word_1_205' title='bbox 545 3617 651 3673; x_wconf 86' lang='lat' dir='ltr'><strong>dicatus</strong></span> <span class='ocrx_word' id='word_1_206' title='bbox 672 3625 715 3672; x_wconf 87' lang='lat' dir='ltr'><strong>est</strong></span> <span class='ocrx_word' id='word_1_207' title='bbox 738 3615 819 3680; x_wconf 87' lang='lat' dir='ltr'><strong>liber,</strong></span> <span class='ocrx_word' id='word_1_208' title='bbox 851 3625 933 3691; x_wconf 87' lang='lat' dir='ltr'><strong>eaput</strong></span> <span class='ocrx_word' id='word_1_209' title='bbox 955 3634 1007 3672; x_wconf 85' lang='lat' dir='ltr'><strong>una</strong></span> <span class='ocrx_word' id='word_1_210' title='bbox 1031 3615 1147 3689; x_wconf 79' lang='lat' dir='ltr'><strong>legendo</strong></span> <span class='ocrx_word' id='word_1_211' title='bbox 1174 3617 1397 3691; x_wconf 85' lang='lat' dir='ltr'><strong>perstrinximus,</strong></span> <span class='ocrx_word' id='word_1_212' title='bbox 1432 3620 1504 3691; x_wconf 91' lang='lat' dir='ltr'><strong>quod</strong></span> 
     </span>
     <span class='ocr_line' id='line_1_23' title="bbox 211 3701 1504 3777; baseline -0.002 -16"><span class='ocrx_word' id='word_1_213' title='bbox 211 3703 356 3762; x_wconf 76' lang='lat' dir='ltr'><strong>admodum</strong></span> <span class='ocrx_word' id='word_1_214' title='bbox 378 3702 443 3758; x_wconf 87' lang='lat' dir='ltr'><strong>mihi</strong></span> <span class='ocrx_word' id='word_1_215' title='bbox 466 3719 545 3777; x_wconf 85' lang='lat' dir='ltr'><strong>quam</strong></span> <span class='ocrx_word' id='word_1_216' title='bbox 568 3702 606 3756; x_wconf 83' lang='lat' dir='ltr'><strong>sal</strong></span> <span class='ocrx_word' id='word_1_217' title='bbox 630 3701 812 3757; x_wconf 85' lang='lat' dir='ltr'><strong>necessarium</strong></span> <span class='ocrx_word' id='word_1_218' title='bbox 834 3701 919 3756; x_wconf 86' lang='lat' dir='ltr'><strong>luisse</strong></span> <span class='ocrx_word' id='word_1_219' title='bbox 945 3702 1058 3756; x_wconf 89' lang='lat' dir='ltr'><strong>videtur.</strong></span> <span class='ocrx_word' id='word_1_220' title='bbox 1112 3701 1290 3756; x_wconf 80' lang='lat' dir='ltr'><strong>hmanuensis</strong></span> <span class='ocrx_word' id='word_1_221' title='bbox 1318 3702 1418 3777; x_wconf 87' lang='lat' dir='ltr'><strong>quippe</strong></span> <span class='ocrx_word' id='word_1_222' title='bbox 1446 3702 1504 3758; x_wconf 90' lang='lat' dir='ltr'><strong>eius</strong></span> 
     </span>
     <span class='ocr_line' id='line_1_24' title="bbox 211 3784 1505 3865; baseline -0.002 -22"><span class='ocrx_word' id='word_1_223' title='bbox 211 3805 309 3864; x_wconf 74' lang='lat' dir='ltr'><strong>aarum</strong></span> <span class='ocrx_word' id='word_1_224' title='bbox 332 3786 457 3842; x_wconf 88' lang='lat' dir='ltr'><strong>literatus</strong></span> <span class='ocrx_word' id='word_1_225' title='bbox 485 3786 532 3860; x_wconf 89' lang='lat' dir='ltr'><strong>qui</strong></span> <span class='ocrx_word' id='word_1_226' title='bbox 562 3785 766 3842; x_wconf 81' lang='lat' dir='ltr'><strong>transcribendo</strong></span> <span class='ocrx_word' id='word_1_227' title='bbox 794 3785 893 3841; x_wconf 80' lang='lat' dir='ltr'><strong>auxilio</strong></span> <span class='ocrx_word' id='word_1_228' title='bbox 922 3803 982 3841; x_wconf 88' lang='lat' dir='ltr'><strong>esse</strong></span> <span class='ocrx_word' id='word_1_229' title='bbox 1009 3784 1138 3865; x_wconf 59' lang='lat' dir='ltr'><strong>debebat,</strong></span> <span class='ocrx_word' id='word_1_230' title='bbox 1173 3802 1267 3841; x_wconf 91' lang='lat' dir='ltr'><strong>omnes</strong></span> <span class='ocrx_word' id='word_1_231' title='bbox 1294 3802 1381 3859; x_wconf 90' lang='lat' dir='ltr'><strong>prope</strong></span> <span class='ocrx_word' id='word_1_232' title='bbox 1410 3804 1505 3842; x_wconf 80' lang='lat' dir='ltr'><strong>versus</strong></span> 
     </span>
     <span class='ocr_line' id='line_1_25' title="bbox 211 3868 1506 3946; baseline -0.004 -15"><span class='ocrx_word' id='word_1_233' title='bbox 211 3871 449 3946; x_wconf 75' lang='lat' dir='ltr'><strong>[orthographiam</strong></span> <span class='ocrx_word' id='word_1_234' title='bbox 472 3878 562 3932; x_wconf 83' lang='lat' dir='ltr'><strong>taceo,</strong></span> <span class='ocrx_word' id='word_1_235' title='bbox 597 3887 649 3943; x_wconf 84' lang='lat' dir='ltr'><strong>qua</strong></span> <span class='ocrx_word' id='word_1_236' title='bbox 679 3869 725 3924; x_wconf 91' lang='lat' dir='ltr'><strong>ille</strong></span> <span class='ocrx_word' id='word_1_237' title='bbox 755 3887 892 3943; x_wconf 88' lang='lat' dir='ltr'><strong>nunquam</strong></span> <span class='ocrx_word' id='word_1_238' title='bbox 922 3869 1027 3924; x_wconf 86' lang='lat' dir='ltr'><strong>rationo</strong></span> <span class='ocrx_word' id='word_1_239' title='bbox 1055 3868 1144 3942; x_wconf 86' lang='lat' dir='ltr'><strong>aliqua</strong></span> <span class='ocrx_word' id='word_1_240' title='bbox 1172 3885 1285 3943; x_wconf 85' lang='lat' dir='ltr'><strong>peceare</strong></span> <span class='ocrx_word' id='word_1_241' title='bbox 1314 3870 1417 3943; x_wconf 92' lang='lat' dir='ltr'><strong>potest)</strong></span> <span class='ocrx_word' id='word_1_242' title='bbox 1444 3888 1506 3926; x_wconf 90' lang='lat' dir='ltr'><strong>eor·</strong></span> 
     </span>
     <span class='ocr_line' id='line_1_26' title="bbox 211 3951 1506 4033; baseline -0.003 -19"><span class='ocrx_word' id='word_1_243' title='bbox 211 3958 286 4033; x_wconf 73' lang='lat' dir='ltr'><strong>rupit</strong></span> <span class='ocrx_word' id='word_1_244' title='bbox 309 3964 339 4011; x_wconf 93' lang='lat' dir='ltr'><strong>et</strong></span> <span class='ocrx_word' id='word_1_245' title='bbox 360 3973 403 4010; x_wconf 90' lang='lat' dir='ltr'><strong>me</strong></span> <span class='ocrx_word' id='word_1_246' title='bbox 425 3972 480 4010; x_wconf 95' lang='lat' dir='ltr'><strong>non</strong></span> <span class='ocrx_word' id='word_1_247' title='bbox 503 3955 531 4010; x_wconf 92' lang='lat' dir='ltr'><strong>in</strong></span> <span class='ocrx_word' id='word_1_248' title='bbox 553 3971 656 4010; x_wconf 88' lang='lat' dir='ltr'><strong>moram</strong></span> <span class='ocrx_word' id='word_1_249' title='bbox 684 3953 786 4018; x_wconf 88' lang='lat' dir='ltr'><strong>solum,</strong></span> <span class='ocrx_word' id='word_1_250' title='bbox 821 3956 868 4010; x_wconf 87' lang='lat' dir='ltr'><strong>sed</strong></span> <span class='ocrx_word' id='word_1_251' title='bbox 898 3954 925 4009; x_wconf 92' lang='lat' dir='ltr'><strong>in</strong></span> <span class='ocrx_word' id='word_1_252' title='bbox 952 3954 1091 4008; x_wconf 79' lang='lat' dir='ltr'><strong>inanimam</strong></span> <span class='ocrx_word' id='word_1_253' title='bbox 1121 3953 1201 4008; x_wconf 87' lang='lat' dir='ltr'><strong>etiam</strong></span> <span class='ocrx_word' id='word_1_254' title='bbox 1228 3951 1413 4009; x_wconf 82' lang='lat' dir='ltr'><strong>difficultatem</strong></span> <span class='ocrx_word' id='word_1_255' title='bbox 1441 3972 1506 4010; x_wconf 89' lang='lat' dir='ltr'><strong>eon·</strong></span> 
     </span>
     <span class='ocr_line' id='line_1_27' title="bbox 211 4037 1506 4114; baseline -0.005 -15"><span class='ocrx_word' id='word_1_256' title='bbox 211 4042 292 4103; x_wconf 84' lang='lat' dir='ltr'><strong>iecit,</strong></span> <span class='ocrx_word' id='word_1_257' title='bbox 316 4039 458 4097; x_wconf 82' lang='lat' dir='ltr'><strong>aemulatus</strong></span> <span class='ocrx_word' id='word_1_258' title='bbox 482 4047 571 4095; x_wconf 83' lang='lat' dir='ltr'><strong>tamen</strong></span> <span class='ocrx_word' id='word_1_259' title='bbox 593 4047 732 4114; x_wconf 86' lang='lat' dir='ltr'><strong>uteunque</strong></span> <span class='ocrx_word' id='word_1_260' title='bbox 755 4057 814 4095; x_wconf 91' lang='lat' dir='ltr'><strong>sum</strong></span> <span class='ocrx_word' id='word_1_261' title='bbox 837 4038 1007 4094; x_wconf 88' lang='lat' dir='ltr'><strong>lluttenieam</strong></span> <span class='ocrx_word' id='word_1_262' title='bbox 1030 4037 1176 4093; x_wconf 87' lang='lat' dir='ltr'><strong>editionem</strong></span> <span class='ocrx_word' id='word_1_263' title='bbox 1202 4037 1369 4111; x_wconf 80' lang='lat' dir='ltr'><strong>prunonem,</strong></span> <span class='ocrx_word' id='word_1_264' title='bbox 1403 4055 1437 4093; x_wconf 90' lang='lat' dir='ltr'><strong>ne</strong></span> <span class='ocrx_word' id='word_1_265' title='bbox 1466 4040 1506 4093; x_wconf 92' lang='lat' dir='ltr'><strong>in·</strong></span> 
     </span>
     <span class='ocr_line' id='line_1_28' title="bbox 211 4121 1507 4196; baseline -0.005 -11"><span class='ocrx_word' id='word_1_266' title='bbox 211 4127 293 4185; x_wconf 69' lang='lat' dir='ltr'><strong>&#39;erim</strong></span> <span class='ocrx_word' id='word_1_267' title='bbox 322 4124 452 4180; x_wconf 86' lang='lat' dir='ltr'><strong>studiosis</strong></span> <span class='ocrx_word' id='word_1_268' title='bbox 475 4124 603 4180; x_wconf 87' lang='lat' dir='ltr'><strong>memorio</strong></span> <span class='ocrx_word' id='word_1_269' title='bbox 626 4123 750 4180; x_wconf 82' lang='lat' dir='ltr'><strong>authoris</strong></span> <span class='ocrx_word' id='word_1_270' title='bbox 771 4142 802 4181; x_wconf 85' lang='lat' dir='ltr'><strong>ao</strong></span> <span class='ocrx_word' id='word_1_271' title='bbox 825 4123 920 4192; x_wconf 53' lang='lat' dir='ltr'><strong>veter}</strong></span> <span class='ocrx_word' id='word_1_272' title='bbox 930 4130 959 4180; x_wconf 89' lang='lat' dir='ltr'><strong>et</strong></span> <span class='ocrx_word' id='word_1_273' title='bbox 980 4122 1139 4196; x_wconf 80' lang='lat' dir='ltr'><strong>gravissimo</strong></span> <span class='ocrx_word' id='word_1_274' title='bbox 1165 4121 1262 4178; x_wconf 84' lang='lat' dir='ltr'><strong>morho</strong></span> <span class='ocrx_word' id='word_1_275' title='bbox 1290 4122 1436 4178; x_wconf 91' lang='lat' dir='ltr'><strong>remedium</strong></span> <span class='ocrx_word' id='word_1_276' title='bbox 1464 4141 1507 4178; x_wconf 89' lang='lat' dir='ltr'><strong>sa·</strong></span> 
     </span>
     <span class='ocr_line' id='line_1_29' title="bbox 211 4207 1091 4282; baseline -0.005 -16"><span class='ocrx_word' id='word_1_277' title='bbox 211 4215 301 4269; x_wconf 70' lang='lat' dir='ltr'><strong>lutare</strong></span> <span class='ocrx_word' id='word_1_278' title='bbox 324 4209 377 4266; x_wconf 91' lang='lat' dir='ltr'><strong>hoe</strong></span> <span class='ocrx_word' id='word_1_279' title='bbox 398 4226 483 4270; x_wconf 85' lang='lat' dir='ltr'><strong>novo,</strong></span> <span class='ocrx_word' id='word_1_280' title='bbox 506 4207 702 4282; x_wconf 82' lang='lat' dir='ltr'><strong>qualiscunque</strong></span> <span class='ocrx_word' id='word_1_281' title='bbox 725 4217 781 4270; x_wconf 86' lang='lat' dir='ltr'><strong>est.</strong></span> <span class='ocrx_word' id='word_1_282' title='bbox 804 4207 874 4264; x_wconf 87' lang='lat' dir='ltr'><strong>libro</strong></span> <span class='ocrx_word' id='word_1_283' title='bbox 896 4209 1012 4264; x_wconf 89' lang='lat' dir='ltr'><strong>deesset.</strong></span> <span class='ocrx_word' id='word_1_284' title='bbox 1057 4208 1091 4262; x_wconf 80' lang='lat' dir='ltr'><strong>ht</strong></span> 
     </span>
    </p>

    <p class='ocr_par' dir='ltr' id='par_1_8' title="bbox 473 4291 1241 4366">
     <span class='ocr_line' id='line_1_30' title="bbox 473 4291 1241 4366; baseline -0.003 -18"><span class='ocrx_word' id='word_1_285' title='bbox 473 4293 563 4349; x_wconf 80' lang='lat' dir='ltr'><strong>omnia</strong></span> <span class='ocrx_word' id='word_1_286' title='bbox 585 4300 642 4348; x_wconf 90' lang='lat' dir='ltr'><strong>tum</strong></span> <span class='ocrx_word' id='word_1_287' title='bbox 664 4291 775 4355; x_wconf 83' lang='lat' dir='ltr'><strong>melius,</strong></span> <span class='ocrx_word' id='word_1_288' title='bbox 797 4292 986 4350; x_wconf 82' lang='lat' dir='ltr'><strong>cumvenerit</strong></span> <span class='ocrx_word' id='word_1_289' title='bbox 1008 4293 1079 4366; x_wconf 82' lang='lat' dir='ltr'><strong>ipse,</strong></span> <span class='ocrx_word' id='word_1_290' title='bbox 1105 4309 1241 4348; x_wconf 88' lang='lat' dir='ltr'><strong>canemus.</strong></span> 
     </span>
    </p>
   </div>
   <div class='ocr_carea' id='block_1_8' title="bbox 211 4380 286 4436">
    <p class='ocr_par' dir='ltr' id='par_1_9' title="bbox 211 4380 286 4436">
     <span class='ocr_line' id='line_1_31' title="bbox 211 4380 286 4436; baseline -0.027 0"><span class='ocrx_word' id='word_1_291' title='bbox 211 4380 286 4436; x_wconf 76' lang='lat' dir='ltr'><strong>lale.</strong></span> 
     </span>
    </p>
   </div>
   <div class='ocr_carea' id='block_1_9' title="bbox 375 4524 1347 4592">
    <p class='ocr_par' dir='ltr' id='par_1_10' title="bbox 375 4524 1347 4592">
     <span class='ocr_line' id='line_1_32' title="bbox 375 4524 1347 4592; baseline 0.002 -18"><span class='ocrx_word' id='word_1_292' title='bbox 375 4524 549 4575; x_wconf 79' lang='lat' dir='ltr'><strong>Lxxxxvt.</strong></span> <span class='ocrx_word' id='word_1_293' title='bbox 580 4524 657 4574; x_wconf 78' lang='grc' dir='ltr'><strong>Α...Ε</strong></span> <span class='ocrx_word' id='word_1_294' title='bbox 677 4530 704 4575; x_wconf 85' lang='lat' dir='ltr'><strong>et</strong></span> <span class='ocrx_word' id='word_1_295' title='bbox 721 4525 738 4575; x_wconf 85' lang='lat' dir='ltr'><strong>li</strong></span> <span class='ocrx_word' id='word_1_296' title='bbox 755 4532 786 4575; x_wconf 89' lang='lat' dir='ltr'><strong>ut</strong></span> <span class='ocrx_word' id='word_1_297' title='bbox 804 4527 839 4575; x_wconf 86' lang='lat' dir='ltr'><strong>od</strong></span> <span class='ocrx_word' id='word_1_298' title='bbox 857 4528 1014 4592; x_wconf 86' lang='lat' dir='ltr'><strong>superiores</strong></span> <span class='ocrx_word' id='word_1_299' title='bbox 1032 4540 1094 4592; x_wconf 86' lang='lat' dir='ltr'><strong>epp.</strong></span> <span class='ocrx_word' id='word_1_300' title='bbox 1114 4527 1275 4576; x_wconf 79' lang='lat' dir='ltr'><strong>adnotatum</strong></span> <span class='ocrx_word' id='word_1_301' title='bbox 1295 4530 1347 4576; x_wconf 85' lang='lat' dir='ltr'><strong>est.</strong></span> 
     </span>
    </p>
   </div>
   <div class='ocr_carea' id='block_1_10' title="bbox 211 4659 1508 5406">
    <p class='ocr_par' dir='ltr' id='par_1_11' title="bbox 211 4659 1508 4897">
     <span class='ocr_line' id='line_1_33' title="bbox 280 4659 1506 4727; baseline -0.002 -14"><span class='ocrx_word' id='word_1_302' title='bbox 280 4659 463 4727; x_wconf 78' lang='lat' dir='ltr'><strong>&#39;quemdam</strong></span> <span class='ocrx_word' id='word_1_303' title='bbox 485 4666 558 4713; x_wconf 82' lang='lat'><strong><em>7...9.</em></strong></span> <span class='ocrx_word' id='word_1_304' title='bbox 645 4663 817 4727; x_wconf 79' lang='lat' dir='ltr'><strong>Quamquam</strong></span> <span class='ocrx_word' id='word_1_305' title='bbox 836 4667 907 4712; x_wconf 83' lang='grc'><strong><em>7...9.</em></strong></span> <span class='ocrx_word' id='word_1_306' title='bbox 999 4661 1138 4713; x_wconf 73' lang='lat' dir='ltr'><strong>⁵l&#39;tteras</strong></span> <span class='ocrx_word' id='word_1_307' title='bbox 1161 4664 1261 4727; x_wconf 59' lang='lat' dir='ltr'><strong>Mt.</strong></span> <span class='ocrx_word' id='word_1_308' title='bbox 1348 4662 1456 4712; x_wconf 74' lang='lat' dir='ltr'><strong>⁷Anno</strong></span> <span class='ocrx_word' id='word_1_309' title='bbox 1473 4661 1506 4711; x_wconf 85' lang='lat' dir='ltr'><strong>E.</strong></span> 
     </span>
     <span class='ocr_line' id='line_1_34' title="bbox 211 4680 1508 4813; baseline -0.005 -13"><span class='ocrx_word' id='word_1_310' title='bbox 211 4744 404 4813; x_wconf 80' lang='lat' dir='ltr'><strong>u.1).xvl11.]</strong></span> <span class='ocrx_word' id='word_1_311' title='bbox 422 4748 573 4797; x_wconf 71' lang='lat' dir='ltr'><strong>mmxtx.</strong></span> <span class='ocrx_word' id='word_1_312' title='bbox 591 4762 686 4804; x_wconf 75' lang='lat' dir='ltr'><strong>omnes,</strong></span> <span class='ocrx_word' id='word_1_313' title='bbox 704 4749 754 4796; x_wconf 80' lang='lat' dir='ltr'><strong>sed</strong></span> <span class='ocrx_word' id='word_1_314' title='bbox 766 4748 850 4809; x_wconf 79' lang='lat' dir='ltr'><strong>salso:</strong></span> <span class='ocrx_word' id='word_1_315' title='bbox 868 4765 951 4798; x_wconf 84' lang='lat' dir='ltr'><strong>mense</strong></span> <span class='ocrx_word' id='word_1_316' title='bbox 963 4680 1087 4813; x_wconf 42' lang='lat' dir='ltr'><strong>alprih.</strong></span> <span class='ocrx_word' id='word_1_317' title='bbox 1103 4746 1177 4797; x_wconf 74' lang='lat'><strong>1519.</strong></span> <span class='ocrx_word' id='word_1_318' title='bbox 1194 4748 1260 4798; x_wconf 82' lang='lat' dir='ltr'><strong>tiber</strong></span> <span class='ocrx_word' id='word_1_319' title='bbox 1276 4748 1308 4796; x_wconf 80' lang='lat' dir='ltr'><strong>de</strong></span> <span class='ocrx_word' id='word_1_320' title='bbox 1326 4746 1438 4797; x_wconf 74' lang='lat' dir='ltr'><strong>Guar&#39;aeo</strong></span> <span class='ocrx_word' id='word_1_321' title='bbox 1454 4763 1508 4795; x_wconf 72' lang='lat' dir='ltr'><strong>eram</strong></span> 
     </span>
     <span class='ocr_line' id='line_1_35' title="bbox 211 4828 881 4897; baseline -0.001 -14"><span class='ocrx_word' id='word_1_322' title='bbox 211 4832 326 4885; x_wconf 71' lang='lat' dir='ltr'><strong>mnibus</strong></span> <span class='ocrx_word' id='word_1_323' title='bbox 337 4833 374 4882; x_wconf 84' lang='lat' dir='ltr'><strong>ad</strong></span> <span class='ocrx_word' id='word_1_324' title='bbox 384 4848 437 4882; x_wconf 75' lang='lat' dir='ltr'><strong>earn</strong></span> <span class='ocrx_word' id='word_1_325' title='bbox 445 4828 634 4897; x_wconf 79' lang='lat' dir='ltr'><strong>pertinentibus</strong></span> <span class='ocrx_word' id='word_1_326' title='bbox 645 4834 760 4894; x_wconf 75' lang='lat' dir='ltr'><strong>epistolis</strong></span> <span class='ocrx_word' id='word_1_327' title='bbox 774 4835 881 4895; x_wconf 82' lang='lat' dir='ltr'><strong>prodiit.</strong></span> 
     </span>
    </p>

    <p class='ocr_par' dir='ltr' id='par_1_12' title="bbox 211 4914 1507 5406">
     <span class='ocr_line' id='line_1_36' title="bbox 278 4914 1506 4981; baseline -0.004 -14"><span class='ocrx_word' id='word_1_328' title='bbox 278 4915 522 4981; x_wconf 74' lang='lat' dir='ltr'><strong>’Inscriptionem</strong></span> <span class='ocrx_word' id='word_1_329' title='bbox 540 4922 608 4966; x_wconf 79' lang='lat' dir='ltr'><strong>omts.</strong></span> <span class='ocrx_word' id='word_1_330' title='bbox 624 4915 656 4964; x_wconf 89' lang='lat' dir='ltr'><strong>B.</strong></span> <span class='ocrx_word' id='word_1_331' title='bbox 693 4930 878 4967; x_wconf 73' lang='lat' dir='ltr'><strong>vvnrnouuvs</strong></span> <span class='ocrx_word' id='word_1_332' title='bbox 897 4916 930 4965; x_wconf 83' lang='grc' dir='ltr'><strong>Ε.</strong></span> <span class='ocrx_word' id='word_1_333' title='bbox 979 4919 1098 4967; x_wconf 50' lang='lat' dir='ltr'><strong>venre,</strong></span> <span class='ocrx_word' id='word_1_334' title='bbox 1135 4918 1174 4966; x_wconf 86' lang='lat' dir='ltr'><strong>De</strong></span> <span class='ocrx_word' id='word_1_335' title='bbox 1197 4916 1352 4980; x_wconf 69' lang='lat' dir='ltr'><strong>lihtfpanpo</strong></span> <span class='ocrx_word' id='word_1_336' title='bbox 1371 4914 1454 4977; x_wconf 83' lang='lat' dir='ltr'><strong>Anpot</strong></span> <span class='ocrx_word' id='word_1_337' title='bbox 1471 4914 1506 4975; x_wconf 78' lang='lat' dir='ltr'><strong>ef.</strong></span> 
     </span>
     <span class='ocr_line' id='line_1_37' title="bbox 211 4997 1507 5069; baseline -0.008 -14"><span class='ocrx_word' id='word_1_338' title='bbox 211 5005 302 5069; x_wconf 67' lang='lat' dir='ltr'><strong>ungat</strong></span> <span class='ocrx_word' id='word_1_339' title='bbox 320 5006 346 5051; x_wconf 85' lang='lat' dir='ltr'><strong>ln</strong></span> <span class='ocrx_word' id='word_1_340' title='bbox 363 5001 467 5052; x_wconf 78' lang='lat' dir='ltr'><strong>Ersedtt&#39;</strong></span> <span class='ocrx_word' id='word_1_341' title='bbox 484 5002 641 5067; x_wconf 78' lang='lat' dir='ltr'><strong>Grudera‘que</strong></span> <span class='ocrx_word' id='word_1_342' title='bbox 659 5003 751 5049; x_wconf 70' lang='lat' dir='ltr'><strong>terico.</strong></span> <span class='ocrx_word' id='word_1_343' title='bbox 817 5015 953 5050; x_wconf 73' lang='lat' dir='ltr'><strong>sunvrnn.</strong></span> <span class='ocrx_word' id='word_1_344' title='bbox 967 5001 999 5050; x_wconf 86' lang='grc' dir='ltr'><strong>Ε.</strong></span> <span class='ocrx_word' id='word_1_345' title='bbox 1059 4997 1125 5034; x_wconf 61' lang='grc' dir='ltr'>Μ</span> <span class='ocrx_word' id='word_1_346' title='bbox 1142 4997 1507 5061; x_wconf 65' lang='lat' dir='ltr'><strong>ErLiv.XL.&#39;21.snmpta.</strong></span> 
     </span>
     <span class='ocr_line' id='line_1_38' title="bbox 211 5080 1506 5152; baseline -0.006 -14"><span class='ocrx_word' id='word_1_347' title='bbox 211 5087 231 5122; x_wconf 75' lang='lat'><strong>¹⁸</strong></span> <span class='ocrx_word' id='word_1_348' title='bbox 248 5083 378 5152; x_wconf 81' lang='lat' dir='ltr'><strong>Aemum]</strong></span> <span class='ocrx_word' id='word_1_349' title='bbox 397 5086 523 5135; x_wconf 72' lang='lat' dir='ltr'><strong>Haemum</strong></span> <span class='ocrx_word' id='word_1_350' title='bbox 541 5085 678 5135; x_wconf 81' lang='lat' dir='ltr'><strong>Thraeioe.</strong></span> <span class='ocrx_word' id='word_1_351' title='bbox 757 5082 777 5115; x_wconf 72' lang='lat'><strong>¹⁵</strong></span> <span class='ocrx_word' id='word_1_352' title='bbox 795 5084 952 5135; x_wconf 82' lang='lat' dir='ltr'><strong>iamdudum</strong></span> <span class='ocrx_word' id='word_1_353' title='bbox 972 5085 1004 5135; x_wconf 81' lang='lat' dir='ltr'><strong>E.</strong></span> <span class='ocrx_word' id='word_1_354' title='bbox 1086 5084 1107 5117; x_wconf 80' lang='lat'><strong>¹⁸</strong></span> <span class='ocrx_word' id='word_1_355' title='bbox 1125 5082 1204 5150; x_wconf 72' lang='lat' dir='ltr'><strong>poend</strong></span> <span class='ocrx_word' id='word_1_356' title='bbox 1223 5083 1352 5133; x_wconf 80' lang='lat' dir='ltr'><strong>A...u.e.</strong></span> <span class='ocrx_word' id='word_1_357' title='bbox 1389 5098 1460 5146; x_wconf 90' lang='lat' dir='ltr'><strong>pene</strong></span> <span class='ocrx_word' id='word_1_358' title='bbox 1474 5080 1506 5130; x_wconf 82' lang='grc' dir='ltr'><strong>Ε.</strong></span> 
     </span>
     <span class='ocr_line' id='line_1_39' title="bbox 211 5166 1503 5238; baseline -0.006 -16"><span class='ocrx_word' id='word_1_359' title='bbox 211 5172 341 5238; x_wconf 62' lang='lat' dir='ltr'><strong>segnior</strong></span> <span class='ocrx_word' id='word_1_360' title='bbox 357 5170 560 5219; x_wconf 82' lang='lat' dir='ltr'><strong>Emendaturus</strong></span> <span class='ocrx_word' id='word_1_361' title='bbox 578 5170 667 5218; x_wconf 82' lang='lat' dir='ltr'><em>A...1).</em></span> <span class='ocrx_word' id='word_1_362' title='bbox 683 5169 707 5217; x_wconf 80' lang='grc'><strong>6.</strong></span> <span class='ocrx_word' id='word_1_363' title='bbox 744 5170 868 5234; x_wconf 82' lang='lat' dir='ltr'><strong>sagatior</strong></span> <span class='ocrx_word' id='word_1_364' title='bbox 888 5186 911 5219; x_wconf 89' lang='lat' dir='ltr'><strong>e.</strong></span> <span class='ocrx_word' id='word_1_365' title='bbox 930 5170 964 5219; x_wconf 84' lang='grc' dir='ltr'><strong>Ε.</strong></span> <span class='ocrx_word' id='word_1_366' title='bbox 1045 5166 1068 5201; x_wconf 69' lang='lat'><strong>²⁹</strong></span> <span class='ocrx_word' id='word_1_367' title='bbox 1085 5170 1226 5219; x_wconf 82' lang='lat' dir='ltr'><strong>litteratus</strong></span> <span class='ocrx_word' id='word_1_368' title='bbox 1241 5169 1267 5218; x_wconf 76' lang='lat' dir='ltr'><strong>O.</strong></span> <span class='ocrx_word' id='word_1_369' title='bbox 1342 5166 1364 5200; x_wconf 79' lang='lat'><strong>²³</strong></span> <span class='ocrx_word' id='word_1_370' title='bbox 1382 5171 1503 5232; x_wconf 81' lang='lat' dir='ltr'><strong>ortogra·</strong></span> 
     </span>
     <span class='ocr_line' id='line_1_40' title="bbox 211 5249 1507 5321; baseline -0.006 -14"><span class='ocrx_word' id='word_1_371' title='bbox 211 5254 383 5320; x_wconf 60' lang='lat' dir='ltr'><strong>su12A...u.</strong></span> <span class='ocrx_word' id='word_1_372' title='bbox 453 5253 686 5320; x_wconf 66' lang='lat' dir='ltr'><strong>orthographiae.</strong></span> <span class='ocrx_word' id='word_1_373' title='bbox 755 5251 778 5283; x_wconf 67' lang='lat'><strong>‘⁵</strong></span> <span class='ocrx_word' id='word_1_374' title='bbox 795 5252 965 5320; x_wconf 79' lang='lat' dir='ltr'><strong>primariam]</strong></span> <span class='ocrx_word' id='word_1_375' title='bbox 984 5257 1103 5321; x_wconf 74' lang='lat' dir='ltr'><strong>scriptam</strong></span> <span class='ocrx_word' id='word_1_376' title='bbox 1116 5258 1263 5318; x_wconf 71' lang='lat' dir='ltr'><strong>exemplam.</strong></span> <span class='ocrx_word' id='word_1_377' title='bbox 1341 5249 1364 5283; x_wconf 71' lang='lat'><strong>²²</strong></span> <span class='ocrx_word' id='word_1_378' title='bbox 1382 5266 1453 5301; x_wconf 90' lang='lat' dir='ltr'><strong>none</strong></span> <span class='ocrx_word' id='word_1_379' title='bbox 1472 5249 1507 5299; x_wconf 88' lang='lat' dir='ltr'><strong>B.</strong></span> 
     </span>
     <span class='ocr_line' id='line_1_41' title="bbox 211 5337 815 5406; baseline -0.008 -15"><span class='ocrx_word' id='word_1_380' title='bbox 211 5340 232 5373; x_wconf 71' lang='lat'><strong>²⁸</strong></span> <span class='ocrx_word' id='word_1_381' title='bbox 250 5337 355 5406; x_wconf 76' lang='lat' dir='ltr'><strong>omnia]</strong></span> <span class='ocrx_word' id='word_1_382' title='bbox 374 5338 504 5390; x_wconf 80' lang='lat' dir='ltr'><strong>Carmina</strong></span> <span class='ocrx_word' id='word_1_383' title='bbox 526 5340 623 5404; x_wconf 83' lang='lat' dir='ltr'><strong>Verpit.</strong></span> <span class='ocrx_word' id='word_1_384' title='bbox 636 5339 693 5389; x_wconf 76' lang='lat' dir='ltr'><strong>Eat.</strong></span> <span class='ocrx_word' id='word_1_385' title='bbox 712 5339 759 5388; x_wconf 75' lang='lat' dir='ltr'><strong>IX.</strong></span> <span class='ocrx_word' id='word_1_386' title='bbox 773 5337 815 5387; x_wconf 79' lang='lat' dir='ltr'><strong>dt.</strong></span> 
     </span>
    </p>
   </div>
   <div class='ocr_carea' id='block_1_11' title="bbox 672 5513 1059 5532">
    <p class='ocr_par' dir='ltr' id='par_1_13' title="bbox 672 5513 1059 5532">
     <span class='ocr_line' id='line_1_42' title="bbox 672 5513 1059 5532; baseline 0.005 -7"><span class='ocrx_word' id='word_1_387' title='bbox 672 5521 681 5525; x_wconf 83' lang='lat'><strong>..</strong></span> <span class='ocrx_word' id='word_1_388' title='bbox 718 5513 1059 5532; x_wconf 61' lang='lat' dir='ltr'><em>..n-*—</em></span> 
     </span>
    </p>
   </div>
   <div class='ocr_carea' id='block_1_12' title="bbox 270 5621 612 5684">
    <p class='ocr_par' dir='ltr' id='par_1_14' title="bbox 270 5621 612 5684">
     <span class='ocr_line' id='line_1_43' title="bbox 270 5621 612 5684; baseline -0.006 -10"><span class='ocrx_word' id='word_1_389' title='bbox 270 5621 404 5684; x_wconf 70' lang='lat' dir='ltr'><strong>Hvrrm</strong></span> <span class='ocrx_word' id='word_1_390' title='bbox 423 5621 491 5673; x_wconf 75' lang='lat' dir='ltr'><strong>Ore.</strong></span> <span class='ocrx_word' id='word_1_391' title='bbox 511 5635 574 5674; x_wconf 79' lang='lat' dir='ltr'><strong>vor..</strong></span> <span class='ocrx_word' id='word_1_392' title='bbox 590 5621 612 5672; x_wconf 86' lang='lat'><strong>1.</strong></span> 
     </span>
    </p>
   </div>
   <div class='ocr_carea' id='block_1_13' title="bbox 0 0 1818 7044">
    <p class='ocr_par' dir='ltr' id='par_1_15' title="bbox 0 0 1818 7044">
     <span class='ocr_line' id='line_1_44' title="bbox 0 0 1818 7044; baseline 0 0"><span class='ocrx_word' id='word_1_393' title='bbox 0 0 1818 7044; x_wconf 95' lang='lat' dir='ltr'><strong> </strong></span> 
     </span>
    </p>
   </div>
  </div>
 </body>
</html>
