3625 7050
286 1207 331 1260 01.
344 1223 468 1264 nrrrnur
480 1224 517 1261 eo
531 1223 596 1261 ces.
611 1221 791 1260 uixrumriu.
806 1222 1030 1261 erronemmrru
1042 1223 1129 1261 resur.
1144 1215 1203 1259 itte.
1217 1223 1237 1263 1.
1251 1224 1275 1260 r.
1358 1194 1431 1269 235

225 1387 248 1443 et
274 1378 411 1459 ambigua
434 1386 520 1475 sorte
548 1377 641 1440 aleam
669 1379 758 1448 iaoio,
787 1396 842 1457 pro
871 1385 900 1439 te
927 1378 1043 1438 interim
1066 1397 1188 1449 vovens,
1217 1386 1250 1440 ut
1272 1379 1433 1444 diutissime

225 1506 228 1541 ι
250 1484 377 1562 imperes
400 1490 428 1542 et
449 1481 613 1542 incolumis·
626 1483 779 1559 persistas,
803 1481 858 1541 hoe
881 1480 987 1541 crebro
1010 1481 1136 1541 aderens
1157 1471 1259 1552 Εἰκός
1281 1475 1433 1545 inremo-

225 1603 252 1664 ις
273 1571 449 1655 ἐνιαυτοὺς
475 1575 571 1661 ἄρξαι
597 1571 675 1661 παρ’
696 1570 776 1662 ἡμῖν
801 1569 860 1642 τὸν
886 1575 1099 1642 δικαιότατον
1123 1572 1278 1662 ἄρχοντα.
1324 1604 1379 1646 nee
1400 1592 1432 1646 tu
1442 1601 1488 1650 §.s

225 1705 230 1746 ι
252 1687 289 1747 de
304 1686 459 1747 Germania
482 1684 588 1745 rideris
611 1703 674 1744 esse
697 1685 832 1746 meritus:
867 1702 932 1762 qum
956 1685 1033 1744 enim
1056 1683 1131 1745 bella
1153 1703 1213 1744 noo
1235 1686 1349 1763 gessisti
1372 1688 1434 1748 sine

225 1806 252 1849 ιο
275 1795 376 1848 nostro
399 1785 565 1866 dispendio;
598 1786 783 1846 inimieorum
806 1803 896 1863 opera
917 1782 997 1846 ultus
1019 1786 1165 1857 inimiooS,
1189 1805 1271 1856 oum,
1294 1789 1343 1866 qui
1366 1788 1434 1849 hino

231 1890 332 1951 hostes
355 1896 465 1959 essent,
492 1906 543 1949 eos
564 1887 687 1948 invicem
711 1887 924 1956 committeres
947 1886 1082 1948 videlieet
1103 1894 1134 1949 ut
1154 1895 1183 1948 te
1205 1887 1362 1950 absumere
1384 1891 1434 1970 qni

225 1991 368 2059 roderent,
399 1990 429 2049 hi
451 2007 483 2050 ee
505 1990 560 2067 ipsi
582 1995 611 2050 te
634 1995 785 2068 spectante
807 2007 841 2050 ae
863 1989 1032 2050 incendium
1061 1988 1132 2050 illud
1161 1998 1211 2050 tuo
1240 1991 1310 2051 llatu
1338 1991 1433 2052 alente

225 2077 365 2153 unerenl..
403 2089 468 2161 Quo
491 2090 610 2151 consilio
631 2088 782 2151 Gallorum
803 2092 989 2151 incommodo
1012 2091 1138 2150 allliristi
1152 2090 1278 2152 Venetos
1299 2105 1487 2155 rursum-eo.

225 2192 323 2254 Gallos
337 2192 536 2254 Helvetiorum
557 2210 593 2253 ae
615 2192 823 2252 Britannorum
847 2210 937 2270 opera
961 2192 1125 2268 perculisti,
1148 2193 1257 2253 nostris
1279 2194 1315 2255 ad
1338 2197 1434 2256 omnia

225 2294 276 2357 ula
297 2297 445 2356 rarissime
466 2312 546 2355 usus.
591 2292 771 2364 Prudenter,
795 2311 848 2372 per
871 2293 956 2363 deos,
979 2300 1011 2353 ut
1033 2294 1080 2353 isti
1102 2278 1226 2364 seilidet,
1249 2296 1286 2357 de
1308 2315 1435 2375 quorum

225 2399 273 2459 itia
295 2396 403 2476 aliquid
426 2397 600 2474 suspicionis
622 2395 658 2455 ad
680 2403 710 2455 te
731 2397 905 2473 pertineret,
935 2394 1218 2465 comminuerentur,
1247 2415 1301 2457 nos
1329 2398 1377 2458 liic
1404 2400 1434 2458 in

245 2500 402 2562 securitate
423 2516 528 2576 pamm
550 2496 727 2558 haberemus
751 2503 794 2567 et,
822 2495 901 2575 quod
926 2496 1057 2556 omnium
1085 2496 1173 2555 vineit
1200 2496 1433 2570 admirationem,

227 2619 258 2661 m
279 2599 402 2670 bellum,
424 2607 485 2660 tam
508 2618 611 2677 graue,
633 2604 693 2659 tam
715 2597 928 2676 periculosum,
952 2616 989 2657 ne
1004 2597 1179 2657 sentiremus
1194 2598 1321 2676 quidem.
1357 2599 1502 2670 Quintio.

225 2723 231 2763 :
265 2700 404 2762 militibus
428 2702 477 2780 qui
500 2701 623 2761 Veronae
651 2701 680 2759 in
707 2699 844 2776 praesidio
874 2705 958 2759 erant
986 2706 1014 2759 et
1042 2700 1092 2778 qui
1114 2698 1242 2759 Brixiam
1264 2700 1434 2771 tuebantur,

225 2804 350 2883 quinque
376 2802 442 2882 plus
470 2802 621 2862 mensibus
648 2799 826 2861 Venetorum
855 2800 992 2878 pecunia,
1024 2818 1081 2880 qua
1109 2799 1240 2861 inducias
1267 2800 1307 2860 illi
1329 2801 1433 2864 abste

225 2912 344 2975 nerant,
367 2904 545 2983 stipendium
568 2903 755 2963 adnumerari
781 2901 859 2981 quod
880 2902 1024 2962 vidimus?
1057 2900 1120 2962 lloe
1142 2903 1270 2980 primum
1292 2910 1321 2963 te
1344 2904 1434 2983 impe·

225 3031 229 3066 ι
250 3008 328 3085 passi
350 3015 419 3067 sunt
440 3006 556 3075 Veneti,
584 3012 617 3065 ut
639 3005 700 3065 suis
722 3003 827 3082 opibus
848 3010 950 3063 eontra
976 3020 1009 3062 se
1037 3001 1194 3063 militantes
1220 3013 1433 3082 compararent.

226 3126 313 3177 vero,
342 3128 440 3187 aquo
461 3124 591 3187 unquam
614 3125 684 3184 rego
712 3113 761 3165 aut
789 3106 923 3183 principe
951 3122 986 3164 eo
1015 3123 1099 3165 more
1127 3123 1229 3182 paoem
1259 3107 1433 3184 petiverunt,
1446 3118 1502 3169 tlt.

225 3228 242 3271 a
263 3216 293 3271 te
315 3211 411 3288 primo
434 3211 521 3271 huius
542 3207 612 3268 belli
634 3225 712 3266 anuo
734 3206 811 3283 apud
835 3205 970 3266 Creuram
997 3206 1143 3284 profligati
1174 3226 1241 3267 enm
1264 3215 1375 3279 essent,
1404 3217 1436 3270 ut

225 3328 325 3391 pacem
356 3312 458 3380 darre,
487 3311 564 3370 idem
587 3308 774 3369 condiciones
795 3309 876 3386 pacis
898 3307 1063 3368 scriberes?
1095 3307 1156 3369 Nee
1178 3308 1385 3379 obtinuerunt,
1408 3318 1436 3372 te

225 3412 285 3475 sius
306 3413 364 3473 iam
386 3413 460 3472 irato
483 3430 571 3490 quam
594 3409 704 3488 plurari
727 3410 777 3486 qui
793 3426 910 3486 posses,
933 3416 982 3469 aut
998 3426 1101 3487 pacem
1116 3411 1166 3488 qui
1181 3428 1270 3487 preee
1285 3429 1319 3470 ae
1335 3412 1435 3488 precio

225 3499 344 3576 oedenle
366 3514 542 3575 admitteres.
588 3511 672 3582 erod
697 3511 766 3571 laxit
788 3510 861 3571 deus
884 3509 950 3588 (lpt.
974 3508 1047 3571 blax.
1072 3517 1105 3602 ut
1127 3510 1253 3572 salutare
1282 3512 1350 3573 lmic
1380 3514 1503 3579 ini-§.m

225 3638 245 3688 ι,
266 3615 319 3677 tibi
341 3633 455 3677 summa
478 3635 545 3678 cum
567 3614 653 3675 laude
676 3621 705 3674 et
727 3612 819 3691 gloria
842 3620 935 3672 exeat.
979 3613 1036 3673 Sed
1060 3615 1115 3673 iam
1139 3615 1201 3674 siue
1222 3614 1292 3693 ipsis
1315 3632 1361 3675 me
1384 3614 1436 3676 tibi

225 3716 435 3812 pobstrepere.

241 3995 317 4063 εἰκός
335 3995 392 4055 ἔστι
410 4001 480 4069 aad]
499 4004 565 4053 Veri
584 4002 673 4052 simile
693 4000 753 4067 (rire
773 4000 906 4064 Aequum)
927 4005 969 4049 est
988 4000 1107 4049 cornicis
1131 4015 1216 4051 annos
1241 4000 1436 4065 imperaturum

225 4088 303 4140 uobis
322 4090 501 4139 iustissimum
522 4089 684 4154 prinoipem.
709 4085 815 4150 (Syrios.
835 4086 916 4150 epist.
935 4085 970 4134 ad
988 4085 1102 4135 fratrem
1125 4102 1167 4150 ep.
1189 4086 1244 4136 110.
1269 4103 1295 4151 p.
1313 4085 1373 4135 415.
1393 4087 1435 4137 ed.

225 4174 255 4224 tii
271 4175 340 4239 Epp.
359 4174 448 4224 Paris.
464 4170 538 4222 roob.
557 4170 605 4235 8⁰.)
640 4173 694 4222 Sed
711 4186 760 4221 nou
779 4175 861 4234 utllpr't
876 4168 1010 4220 ‘comicum
1021 4174 1100 4220 emolu
1111 4172 1216 4221 vetuala'
1230 4172 1437 4222 Mummilionur:

225 4271 284 4324 rupe
300 4264 360 4323 poet
377 4259 443 4308 donc
462 4258 643 4323 prefationem
665 4259 786 4320 scriptam
809 4258 873 4306 diem
890 4272 1030 4320 supremum
1056 4256 1130 4318 obiit,
1155 4259 1242 4321 pridie
1261 4257 1325 4308 Idus
1343 4256 1438 4307 Ianua·

225 4359 241 4393 ¹.
259 4342 395 4394 MDXIX.
414 4345 521 4393 noridum
537 4345 732 4409 remunerantur.
767 4343 810 4390 De
829 4342 912 4391 rebus
930 4342 1017 4406 gestis
1036 4355 1095 4405 qum
1114 4342 1154 4401 ἐξ.
1173 4340 1261 4392 ll...ll.
1285 4357 1437 4392 memoran-

225 4428 394 4495 :ouierepda
411 4433 476 4477 sunt
493 4428 702 4493 Epigrammata
724 4426 821 4492 quibus
839 4426 884 4475 bie
903 4426 1038 4492 praefatur
1057 4430 1166 4489 auctor,
1186 4427 1254 4477 item
1272 4442 1354 4493 supra
1372 4428 1437 4492 Epi-

225 4528 246 4562 η
256 4512 345 4563 Italiae
358 4513 488 4563 fiotieiam
503 4527 564 4561 cum
576 4513 684 4563 Eobani
698 4512 782 4561 Hessi
800 4512 982 4576 responsorio.
1003 4525 1028 4559 n.
1043 4526 1138 4561 xxxvr.
1202 4509 1214 4542 ³
1233 4501 1275 4561 ἔνι
1294 4501 1399 4569 αὐτοὺς
1410 4515 1437 4561 2.

225 4590 351 4656 node-i.
403 4595 477 4663 ⁷ne]
498 4597 532 4647 ed
547 4600 572 4648 3.
625 4597 786 4646 laddixisti
801 4599 826 4648 3.
879 4594 1155 4645 ⁹He1vetioorum3.
1214 4594 1235 4628 ¹⁴
1252 4596 1364 4647 Brixam
1376 4600 1402 4645 2.
1412 4600 1438 4646 3.

225 4682 281 4733 iius
303 4682 447 4749 petitionis
470 4684 562 4732 viuum
581 4683 661 4747 quusi
679 4667 863 4747 speetuonlurn
885 4679 997 4730 exbibet
1020 4680 1118 4730 tabule
1141 4679 1355 4744 xylograpbioo,
1380 4697 1438 4746 quie

225 4794 230 4812 ι
253 4766 421 4833 Augustensi
440 4769 681 4834 epigrammatum,
706 4766 778 4817 unde
800 4767 871 4816 bono
894 4765 1087 4830 prefationem
1105 4764 1286 4826 desumimus,
1312 4764 1437 4830 exemplo

225 4867 247 4900 :-
264 4851 390 4917 bibliogr.
409 4852 468 4902 XX.
490 4851 524 4916 1.)
543 4869 569 4918 p.
587 4848 668 4916 dnjb.
737 4850 760 4885 ²⁰
779 4851 952 4903 conditiones
964 4854 991 4899 2.
999 4852 1025 4899 3.
1095 4848 1116 4881 ²¹
1134 4848 1224 4914 pretio
1239 4849 1264 4897 3.
