3625 7050
269 1228 1472 1283 xeneammananseorooco.xnlmemmmiozv1soe.ea.n.ro.0ci=.mo.
1499 1214 1571 1286 127

276 1421 332 1461 nor
354 1405 453 1460 lortius
476 1406 668 1479 repugnando,
697 1405 725 1462 in
747 1423 789 1462 me
812 1406 987 1478 insurgentes
1016 1404 1144 1478 inquiunt
1172 1403 1211 1460 nil
1238 1402 1298 1460 lore
1326 1422 1355 1460 se
1379 1403 1489 1460 Erasmo
1511 1421 1572 1478 gra·

278 1491 350 1552 tius,
374 1497 430 1545 turn
453 1491 526 1564 quod
546 1491 648 1546 dudum
670 1492 692 1546 is
715 1490 870 1546 strenuiora
893 1508 942 1546 sua
963 1489 1034 1546 dicta
1057 1492 1240 1563 Argentorato
1262 1491 1421 1546 memoriter
1442 1490 1572 1545 recitare·
1605 1508 1608 1512 ·

280 1575 331 1636 rit,
361 1582 419 1630 tum
442 1575 514 1648 quod
538 1576 653 1631 istorum
682 1575 737 1630 sint
759 1574 876 1636 familia,
906 1593 976 1649 quos
998 1574 1081 1632 lloria
1106 1582 1158 1629 tam
1181 1574 1304 1646 gnaviter
1325 1576 1430 1648 pridem
1451 1573 1571 1630 celebra-

279 1649 358 1714 verit.
387 1658 437 1715 hac
464 1660 549 1715 victus
571 1660 737 1735 procacitate
758 1657 857 1732 reliqui
881 1659 939 1715 vela
961 1659 1057 1715 ventis.
1081 1666 1208 1733 superest
1230 1666 1261 1714 ut
1282 1658 1393 1716 dieculae
1421 1657 1570 1733 hospitium

260 1756 336 1799 ouon
357 1743 475 1816 deneges
499 1745 546 1805 iis,
570 1761 640 1817 quos
662 1745 702 1800 tui
726 1752 779 1799 tam
802 1744 916 1816 cupidos
939 1744 1023 1799 luisse
1046 1744 1180 1817 agnoscis.
1205 1744 1291 1799 Tuum
1313 1745 1379 1805 erit,
1404 1751 1435 1798 ut
1458 1742 1578 1799 ridicula·

283 1841 336 1883 non
358 1845 431 1900 aegre
454 1829 541 1891 leros.
564 1845 615 1884 uec
637 1845 765 1903 spernas:
789 1844 844 1884 non
867 1829 939 1884 enim
962 1830 1022 1903 opis
1044 1836 1087 1883 est
1109 1830 1233 1883 hnastoae
1257 1828 1305 1883 tibi
1328 1828 1448 1884 omnium
1469 1827 1571 1883 doctis·

284 1912 349 1967 simo
372 1913 515 1987 quicquam
537 1920 639 1987 prater
659 1914 825 1970 voluntatem
847 1914 959 1987 dignum
982 1913 1123 1988 impartiri.
1168 1911 1231 1968 Vale
1258 1921 1286 1968 et
1308 1915 1373 1969 rive.
1404 1913 1499 1970 [latum
1521 1912 1571 1966 lla·

285 2013 347 2068 gen:
371 2005 413 2059 19.
429 1998 563 2055 Octobris.
1041 2012 1046 2022 ·

733 2193 1130 2213 —-—--——-—
1213 2193 1220 2206 ·

287 2447 426 2481 mnarum.
834 2416 1018 2492 XXXXI.
1293 2449 1319 2482 n.
1334 2440 1366 2481 ta.
1380 2447 1441 2482 ocu.
1455 2446 1480 2482 n.
1495 2441 1554 2482 tatu.

271 2497 443 2511 —
808 2501 810 2506 »
1265 2501 1568 2511 m

207 2613 241 2655 ro
473 2609 476 2615 '
656 2605 851 2662 cnmnnuvs
872 2606 1033 2663 volumno
1054 2605 1205 2662 ZVlNGLIO

372 2720 499 2763 nocam
523 2721 599 2775 vrso
623 2723 831 2777 rumosorno
855 2725 895 2765 er
915 2725 1091 2767 rnnonooo
1113 2715 1211 2766 noers
1233 2723 1424 2766 Amelsslno
1449 2724 1474 2765 s.

363 2841 424 2897 lVon
451 2841 516 2896 sinit
538 2841 632 2898 infelix
654 2860 741 2900 meum
769 2844 930 2917 pistrinum,
960 2851 991 2899 ut
1018 2842 1186 2921 frequenterv
1204 2850 1305 2900 nostrae
1333 2852 1455 2900 remeent
1477 2843 1571 2900 literae.

249 2961 268 2974 -
310 2968 563 2981 .........
586 2925 643 2982 Emi
665 2935 693 2983 et
715 2929 807 2984 neseio
830 2929 893 3002 quid
918 2929 1063 2985 audeamne
1086 2930 1176 2985 dicere
1190 2928 1314 2985 Portuini
1333 2928 1459 2991 Gracchi,
1482 2929 1572 2985 elicere

241 3010 350 3067 volui
374 3011 409 3066 ad
431 3010 574 3067 Ortuinum
597 3011 718 3069 Gratium
740 3012 870 3086 epistolas
892 3020 939 3069 aut
961 3013 1032 3069 sales
1055 3012 1117 3070 illos
1140 3014 1362 3075 iucundissimos,
1386 3020 1480 3070 auctos
1503 3031 1573 3087 prae-

207 3110 219 3132 ·
251 3100 356 3152 terea
379 3102 408 3151 et
430 3096 625 3169 magistralitcr
650 3097 854 3153 determinatos.
899 3099 921 3154 0
950 3099 1007 3173 ipse
1035 3098 1135 3154 lacerat
1162 3099 1250 3161 bonos
1277 3099 1390 3161 bossos,
1419 3099 1572 3172 praesertim

242 3175 463 3237 Zvilraviacnm
487 3198 536 3236 sua
550 3181 634 3237 herba
655 3167 741 3261 clap.
786 3181 911 3238 Ceterum
933 3182 1089 3240 buchnerus
1113 3183 1159 3239 ille
1181 3184 1370 3258 Guollgangus
1391 3184 1466 3239 misit
1487 3182 1573 3239 Vene-

244 3266 331 3321 tias
355 3266 403 3339 qui
426 3266 453 3320 ln
475 3265 554 3321 litera
570 3265 665 3322 Aldina
688 3267 807 3341 optimos
830 3285 955 3342 quosque
977 3276 1103 3324 auctores
1125 3269 1253 3330 aderant,
1276 3268 1406 3330 Gellium,
1430 3267 1571 3330 Caesarem,

239 3344 436 3412 Platonem,
459 3350 629 3414 Ciceronem,
654 3351 812 3413 llomemm,
834 3351 994 3416 Lucinnum,
1019 3353 1226 3409 demosthenem
1248 3361 1276 3409 et
1299 3371 1368 3427 quos
1390 3353 1494 3409 relerre
1516 3369 1572 3407 non

242 3448 356 3490 nora
380 3442 422 3490 est
445 3436 601 3491 innumeros
624 3436 701 3492 alios.
747 3433 806 3502 Qua
829 3437 856 3492 in
878 3455 908 3493 re
930 3439 1056 3494 cautione
1079 3438 1216 3495 utendum.
1255 3438 1278 3493 si
1294 3456 1326 3493 er
1341 3439 1374 3493 iis
1397 3438 1503 3511 aliquos
1526 3437 1573 3492 ha·
1634 3444 1638 3452 '

207 3526 215 3552 ’
254 3515 347 3576 lacre
369 3518 459 3582 voles,
483 3519 626 3577 rescribite
648 3521 787 3577 Lachnero
810 3529 840 3578 nt
862 3521 1139 3597 potes'amicissime,
1168 3541 1201 3579 ne
1226 3524 1265 3579 tui
1288 3522 1475 3585 obliviscatur,
1503 3521 1572 3579 velle

255 3610 308 3659 te
330 3605 473 3678 pecuniam
494 3615 649 3680 promptam
671 3608 741 3681 apud
763 3624 806 3662 me
828 3625 945 3681 ponere,
968 3616 1050 3682 atque
1074 3609 1099 3664 id
1121 3627 1179 3664 eam
1203 3608 1238 3663 ob
1260 3626 1368 3664 causam
1384 3608 1570 3681 potissimum:

254 3690 411 3762 quicquid
433 3689 503 3746 euim
526 3690 661 3747 honorum
683 3692 815 3748 librorum
837 3693 967 3749 Basiloam
990 3694 1077 3756 venit,
1115 3694 1226 3765 triginta
1248 3693 1346 3749 adsunt
1369 3693 1415 3765 qui
1445 3694 1485 3747 vii
1508 3709 1572 3747 con·
1600 3737 1602 3741 .

257 3774 385 3847 quisito
408 3775 497 3847 pretio
520 3776 667 3849 arripiunt:
691 3785 783 3832 tantus
806 3785 848 3832 est
870 3779 1009 3852 appetitus
1031 3778 1170 3833 hominum
1193 3785 1221 3832 et
1244 3777 1322 3833 furor
1349 3776 1471 3848 (namet
1494 3775 1572 3831 furor
1669 3792 1673 3799 ’

258 3857 334 3928 εει)
357 3858 564 3922 nonnullorum.
600 3860 699 3934 quibus
723 3869 811 3917 tamen
839 3863 867 3916 hi
890 3862 953 3918 libri
983 3879 1071 3935 neque
1100 3862 1161 3917 usui
1191 3868 1255 3916 sunt
1283 3877 1371 3934 neque
1399 3859 1571 3932 intelligunt;

207 3945 228 3981 ’δ
263 3937 383 3998 lrabere
405 3951 494 3999 tamen
516 3945 611 4001 volunt
639 3955 666 4001 et
695 3964 774 4019 quam
803 3947 875 4020 saepe
903 3954 1015 4002 strenue
1044 3946 1163 4001 insanire
1190 3944 1294 4000 malunt
1317 3986 1475 3999 ......
1509 3943 1572 3999 Vale

266 4034 311 4082 et
331 4044 374 4084 me
397 4045 464 4083 ama.
507 4028 619 4086 Basileae
640 4048 672 4087 er
694 4031 811 4105 pistrino
834 4041 903 4088 meo.
928 4030 991 4086 lllV.
1014 4031 1067 4086 Cal.
1090 4032 1154 4087 lVov.
1177 4033 1226 4086 ho.
1249 4031 1276 4085 C.
1301 4036 1376 4090 1516.

418 4210 543 4261 xxxxl.
562 4211 683 4277 Zuinglii
702 4212 773 4278 Opp.
792 4213 862 4275 (Iud.
876 4214 942 4263 bibl.
956 4213 994 4263 n⁰.
1008 4210 1065 4276 81.)
1083 4213 1144 4262 VII.
1160 4212 1182 4262 l.
1196 4230 1222 4279 p.
1238 4210 1277 4261 lb.
1292 4227 1331 4276 aq.
1345 4211 1381 4261 n⁰.
1389 4225 1435 4260 111.

423 4327 441 4360 Ι

349 4446 391 4479 ²·⁸
409 4447 518 4513 Hagen.
537 4456 628 4514 aperta
646 4466 737 4501 errore
755 4452 796 4500 ed.
810 4451 841 4499 l..
849 4450 882 4499 B.
919 4451 965 4501 Ex
983 4452 1031 4500 dac
1048 4452 1162 4516 Amastri,
1186 4458 1235 4500 tune
1255 4452 1432 4516 Hagenoenrra
1454 4451 1573 4499 librorum

272 4532 500 4596 ιἰπρνίηιεηάοπωι
522 4537 688 4593 correctoria,
712 4540 822 4599 epistola
839 4535 984 4585 Moenum
1000 4540 1144 4600 suspicatus
1161 4543 1214 4595 est,
1238 4537 1342 4586 eundem
1359 4540 1437 4586 cirum
1455 4539 1573 4600 epistola·

276 4633 336 4667 m
353 4616 422 4668 obse.
434 4620 481 4667 atr.
494 4624 621 4669 muctarem
636 4620 727 4682 fnisse.

349 4699 371 4733 ¹²
389 4702 518 4751 Henrtcua
540 4703 644 4753 bovatas
670 4704 823 4763 Glareanus,
847 4706 958 4758 Harena
978 4708 1097 4771 aqualis,
1121 4706 1308 4754 mathematicas
1332 4705 1479 4768 discipulerum
1497 4704 1573 4753 Basi-

282 4789 329 4835 leoe
350 4801 381 4835 eo
403 4792 516 4851 tempore
540 4788 656 4837 docebat.
726 4786 747 4819 ¹⁶
765 4787 895 4839 lachen.
916 4787 999 4855 bose]
1017 4809 1052 4833 =
1069 4789 1140 4853 reisst
1162 4795 1221 4854 pute
1239 4787 1339 4851 Possen.
1363 4791 1475 4852 uulgaris
1493 4789 1573 4852 phra-

280 4875 317 4920 rr‘r
340 4871 491 4921 Germanica
518 4888 586 4922 more
614 4878 766 4937 emptorum
795 4876 958 4939 epistolarum
987 4878 1086 4925 illarran
1108 4875 1201 4924 Latine
1228 4872 1309 4936 sacta.
1349 4871 1388 4935 Os.
1407 4872 1477 4936 Epp.
1492 4870 1524 4921 Ο.
1538 4872 1570 4920 V.

283 4955 334 5006 vol.
348 4956 371 5005 Ι.
395 4954 619 5006 antummum
641 4957 783 5009 Curtilicis
800 4959 1001 5009 Ambachensis
1021 4960 1105 5025 epist.
1175 4956 1196 4989 ¹⁸
1213 4956 1413 5007 Zuikarincnm
1486 4946 1573 5021 ηὔδη.

282 5041 328 5090 doc
355 5041 484 5091 dederunt
510 5041 666 5092 Vialcemes.
696 5045 751 5093 sine
779 5055 876 5094 sensa:
896 5045 1012 5107 sonasse
1041 5042 1196 5093 Zniclrnvie
1226 5057 1286 5091 cnm
1316 5040 1378 5104 (stne
1407 5039 1573 5115 Zvickevia·

284 5123 343 5189 cna)
365 5126 485 5191 superbe
508 5116 605 5191 ὖηνεῖ,
629 5143 687 5176 nam
708 5134 763 5177 tres
784 5131 901 5193 epistotae
923 5130 1051 5194 Magistro
1077 5128 1195 5177 Conrado
1224 5128 1256 5177 de
1280 5126 1414 5176 Zalacaoia
1440 5130 1465 5173 ln
1492 5130 1573 5190 primo

282 5214 399 5262 colmiae
423 5210 494 5275 Epp.
512 5209 541 5261 0.
558 5212 591 5261 V.
610 5213 751 5277 adscriptae
768 5210 804 5276 (9.
820 5211 860 5265 13.
872 5212 928 5278 nt.)
949 5229 1012 5264 sane
1035 5214 1098 5263 retia
1119 5213 1200 5262 suilla
1219 5214 1326 5276 pingunt
1348 5210 1490 5260 Meum
1512 5207 1574 5259 Ort-

283 5302 365 5348 enum
383 5304 410 5349 et
428 5302 580 5360 scriptorem
597 5298 677 5360 ipsum
693 5298 819 5348 maecham.
890 5296 912 5329 ¹⁶
928 5294 1101 5361 Lachnerus]
1126 5297 1247 5347 Frobem'i
1263 5295 1419 5360 typographi
1441 5299 1466 5344 et
1488 5292 1574 5342 biblio-

281 5385 346 5445 palar
361 5383 520 5433 Baai'ltenrr'a
541 5397 625 5432 socer.
677 5379 698 5413 ¹⁷
716 5381 836 5432 Gellium
858 5380 924 5448 etc-J
941 5384 1009 5432 Haec
1031 5388 1184 5433 cameratio
1206 5387 1231 5432 et
1249 5382 1307 5445 ipsa
1324 5384 1398 5445 quart
1418 5382 1443 5428 r'a
1461 5380 1575 5443 epistolia

283 5468 657 5534 onc.oir.1eperetur‚uaate
675 5456 759 5519 riam
771 5473 864 5532 parete.
915 5465 939 5498 ²⁵
956 5464 1060 5533 neapol?
1078 5468 1195 5533 sapere?
1481 5456 1486 5463 ’
