3625 7050
256 923 352 973 Lxx.
367 932 589 973 nvrranxzcn.
599 932 760 971 mauman
773 932 962 970 carnencas
972 933 1007 967 nn
1017 924 1388 969 nonar.coxsr.a1s.t.nsc.
1398 925 1456 970 tarr.
1493 903 1563 976 157

256 1090 402 1153 lumento
413 1091 494 1171 luit:
516 1090 704 1168 pax.etcnim
727 1106 793 1150 esse
813 1089 843 1148 in
862 1088 1018 1168 tyrannide
1031 1086 1110 1148 nulla
1126 1094 1238 1165 potest,
1260 1088 1328 1165 quia
1343 1087 1416 1149 tides
1430 1106 1490 1148 non
1505 1097 1564 1159 sst;

256 1210 323 1254 nec
344 1193 456 1253 institia
479 1210 543 1253 esse
565 1197 675 1270 potest,
710 1191 777 1270 quia
799 1207 886 1249 snum
909 1190 1015 1267 cuique
1037 1207 1097 1247 non
1120 1196 1178 1258 est;
1212 1197 1241 1250 ot
1268 1188 1336 1267 quia
1363 1188 1443 1269 leges
1466 1191 1565 1270 oppri-

258 1301 354 1355 munt
375 1294 507 1374 tyranni:
529 1310 585 1355 uec
607 1308 709 1353 verum
731 1292 830 1352 dicere
851 1290 935 1360 licet,
958 1291 1025 1368 quia
1046 1289 1167 1350 libertas
1188 1308 1248 1350 non
1271 1297 1330 1360 cst,
1353 1298 1383 1350 at
1403 1308 1482 1352 nunc
1497 1311 1565 1353 vere

260 1393 356 1457 liberi
378 1413 495 1464 sumus,
518 1396 585 1474 quia
607 1412 710 1472 pacem
733 1392 892 1462 habemus,
923 1409 1011 1470 quam
1034 1391 1175 1452 babentes
1197 1393 1279 1481 pacis
1299 1411 1416 1471 quoque
1443 1393 1564 1453 adbibe-

225 1526 231 1545 ·
259 1495 370 1556 bimus
391 1495 496 1557 studia.
541 1494 625 1565 Quod
648 1494 702 1555 sub
725 1493 798 1554 lulio
820 1495 909 1572 igitur
932 1491 1077 1553 bellorum
1099 1494 1223 1553 authore
1245 1512 1304 1553 nou
1325 1493 1419 1563 licuit,
1443 1503 1475 1554 ut
1490 1504 1621 1558 essetne

261 1597 334 1658 lraec
355 1595 566 1674 tranquillitas,
600 1596 629 1656 id
652 1595 707 1656 sub
731 1605 760 1657 te
782 1597 862 1674 pacis
885 1601 1084 1655 restauratore
1107 1595 1330 1672 usurpabimus,
1364 1603 1396 1655 ut
1418 1598 1446 1654 in
1475 1596 1566 1657 litoris

261 1698 524 1776 conquiescamus.
569 1697 696 1757 Proinde
717 1697 747 1756 in
769 1696 866 1757 lucem
887 1696 1013 1774 prodeat
1037 1696 1137 1774 siquid
1160 1696 1208 1756 diu
1231 1695 1327 1766 latuit,
1357 1704 1386 1757 et
1408 1716 1443 1758 eo
1464 1700 1566 1759 maiori

263 1818 339 1861 cum
361 1799 469 1859 fiducia
492 1798 629 1877 prodeat,
652 1804 761 1876 quanto
784 1796 913 1876 quidque
933 1798 1044 1865 verius,
1067 1804 1235 1876 quantoque
1250 1815 1372 1877 syncere
1387 1799 1479 1876 magis
1493 1801 1566 1860 scri-

262 1904 355 1979 ptum
379 1907 438 1968 est;
470 1898 564 1978 qualis
585 1899 634 1959 hic
655 1905 700 1959 est
720 1898 811 1969 liber,
844 1917 932 1976 quem
955 1897 1001 1957 alii
1025 1897 1134 1958 idcirco
1157 1917 1215 1958 non
1246 1897 1377 1959 tulerunt
1404 1902 1566 1976 pontifices

225 2013 241 2052 Ι
266 2001 340 2080 qvxia
365 1972 467 2061 vebum
489 2000 591 2061 audire
613 1998 786 2069 uoluerunt,
819 2007 852 2060 tu
874 2000 983 2093 idcirco
1006 1999 1131 2068 arnobio,
1165 2001 1233 2078 quia
1261 2001 1387 2060 veritatis
1414 2001 1470 2061 iam
1499 2010 1566 2062 ante

263 2101 412 2182 poculum
435 2102 521 2162 nobis
542 2102 713 2180 propinasti.
757 2120 825 2162 nam
848 2101 884 2161 ad
907 2111 936 2161 te
959 2100 1081 2160 meliore
1103 2101 1279 2161 conscientia
1306 2103 1472 2178 pontificem
1496 2105 1564 2181 quid

264 2203 416 2282 pertinet,
446 2204 524 2282 quod
547 2211 650 2264 contra
673 2198 867 2263 ecclesiastici·
883 2208 975 2262 status
998 2203 1169 2279 dignitatem
1192 2204 1319 2289 scriptus
1346 2202 1382 2262 ab
1412 2202 1468 2263 illis
1489 2205 1565 2265 irro-

264 2303 376 2373 batur,
399 2311 449 2364 aut
464 2306 542 2383 quod
558 2306 586 2364 iu
601 2304 753 2382 pontifices
768 2303 945 2365 maledicum
961 2323 1025 2364 osse
1041 2304 1194 2364 dicebaut?
1217 2305 1353 2364 Proiecto
1377 2304 1453 2364 enim
1469 2324 1565 2384 neque
1576 2315 1619 2365 §.a

267 2406 394 2466 luerunt
415 2407 568 2483 pontillces
590 2406 629 2467 illi
652 2407 703 2484 qui
724 2406 873 2465 linxerunt
894 2405 1074 2466 Constantini
1102 2407 1304 2473 donationem,
1339 2407 1405 2483 quia
1433 2414 1566 2483 pastores

225 2517 335 2567 xsnon
357 2506 492 2576 luerunt;
515 2526 612 2587 neque
635 2507 757 2568 ecclesia
780 2508 833 2567 luit
847 2525 913 2584 quae
929 2527 996 2567 eum
1012 2510 1137 2585 accepit,
1161 2507 1228 2584 quia
1244 2506 1480 2568 Christilidelium
1496 2527 1566 2568 cou-
1665 2550 1668 2555 -

269 2615 378 2668 ventus
400 2626 460 2669 non
481 2609 550 2669 luit:
573 2609 598 2667 si
621 2609 743 2669 inissent
765 2614 897 2685 pastores
920 2609 1011 2677 euim,
1035 2612 1181 2685 pavissent
1202 2625 1271 2667 oves
1289 2606 1410 2678 Christi,
1434 2628 1493 2669 uon
1516 2610 1566 2670 de·

270 2709 404 2770 rorando
426 2710 614 2778 invasissent3
638 2716 667 2769 et
688 2709 712 2768 si
736 2708 858 2770 ecclesia
880 2709 996 2779 luisset,
1009 2709 1121 2789 'ntique
1136 2717 1267 2771 vocasset
1282 2710 1318 2770 ad
1335 2711 1420 2791 vitam
1436 2717 1465 2770 ot
1479 2710 1567 2770 libcr-

270 2793 503 2888 tatem'geutes,
533 2829 592 2891 non
614 2810 669 2870 sub
692 2812 793 2888 iugum
817 2810 953 2870 traxisset
974 2812 1096 2890 imperia
1118 2819 1148 2872 et
1169 2813 1316 2872 nationes:
1350 2813 1392 2871 sic
1419 2811 1467 2871 illa
1490 2813 1567 2872 enim

272 2910 406 2990 loquitur
438 2911 547 2972 ‘Venite
576 2912 621 2972 ad·
643 2929 691 2972 me
719 2929 823 2970 omues
850 2913 901 2989 qui
924 2913 1128 2990 concupiscitis
1150 2931 1212 2981 me,
1242 2920 1271 2973 et
1292 2932 1307 2971 a
1331 2913 1569 2990 garreratiouibus

244 3012 349 3073 nmeis
371 3012 588 3090 adimplemini.
633 3013 719 3073 Certe
741 3011 843 3090 implet
864 3031 939 3091 quos
961 3015 1073 3092 accepit
1095 3015 1172 3084 lxaec,
1194 3012 1242 3073 ille
1265 3013 1483 3094 malignantium
1499 3032 1568 3075 con·

274 3121 380 3173 ventus
407 3113 537 3174 inanibat
565 3122 595 3175 et
622 3114 823 3175 exhauriebat.
868 3114 945 3175 Tum
972 3122 1105 3192 pastores
1133 3135 1197 3176 esse
1225 3115 1320 3177 bonos
1349 3117 1471 3178 vicarios
1499 3127 1624 3177 suosne.

274 3215 360 3275 iussit
381 3214 528 3285 Christus,
551 3233 609 3275 non
633 3234 751 3276 voraces
773 3215 873 3293 lupos:
900 3217 943 3277 sic
964 3216 1052 3277 Petro
1075 3217 1146 3277 dixit
1168 3219 1245 3277 enim
1269 3219 1385 3288 ‘Petre,.
1409 3237 1490 3279 amas
1511 3238 1568 3289 me,

275 3333 364 3392 pasce
387 3333 457 3376 oves
478 3316 586 3386 meas';
624 3317 732 3378 ‘Pasce'
762 3318 834 3377 dixit
861 3329 941 3379 ‘oves
958 3318 1061 3401 meas,
1090 3337 1148 3378 uon
1178 3320 1295 3380 ‘devora
1324 3319 1440 3397 plebem
1464 3339 1568 3390 meam,

225 3463 230 3485 ,
275 3417 353 3477 sicut
375 3435 472 3478 escam
494 3418 600 3495 pauis';
624 3426 653 3479 et
668 3421 698 3478 in
713 3418 907 3497 apostolatum
923 3438 1030 3480 vocans
1053 3420 1180 3480 ‘l'aciam
1202 3421 1261 3479 vos'
1284 3421 1377 3498 inquit
1399 3423 1571 3499 ‘piscatores

238 3517 452 3590 asbominnm’‚
474 3519 530 3580 boc
546 3528 605 3590 cst,
627 3521 730 3581 laciam
748 3530 780 3582 ut
801 3520 988 3600 praedicando
1011 3530 1040 3582 et
1061 3520 1137 3582 bona
1161 3520 1293 3600 exempla
1309 3522 1423 3583 edendo
1439 3521 1570 3603 alliciatis

276 3619 314 3679 ad
336 3617 487 3681 veritatem
510 3629 643 3683 errantes
665 3642 681 3682 a
704 3624 769 3684 tide.
815 3622 899 3692 Quod
923 3623 990 3701 quia
1013 3608 1213 3702 insequeris,
1236 3624 1273 3684 ad
1296 3625 1423 3684 odicium
1447 3624 1568 3685 rediisse
1579 3636 1637 3687 tto.

276 3721 357 3781 bunc
379 3721 527 3793 ordinem,
558 3731 588 3784 te
610 3725 638 3784 id
661 3726 819 3793 efficiente,
854 3731 883 3783 te
904 3742 1022 3801 pacem,
1057 3731 1085 3784 te
1112 3722 1291 3795 libertatem,
1325 3733 1353 3785 tc
1380 3726 1518 3785 iustitiam
1541 3733 1570 3786 et

277 3823 428 3883 veritatem
451 3833 621 3895 revocante,
645 3826 807 3904 gaudemus
830 3834 859 3887 et
888 3823 1061 3886 exultamus.
1106 3845 1172 3904 quae
1199 3827 1292 3888 laetior
1318 3845 1445 3905 namque
1477 3829 1571 3888 audiri

246 3969 250 3974 .
277 3941 333 3982 vox
356 3924 466 4001 potuit?
487 3927 567 4004 quod
589 3929 705 3988 suavius
728 3927 870 3989 verbum?
891 3928 993 4006 ltaque
1016 3943 1105 4005 parvo
1127 3930 1259 4007 negotio,
1289 3936 1359 4007 puta
1381 3948 1440 3990 uuo
1462 3937 1614 4007 propo-³

236 4025 336 4091 assito
358 4024 494 4095 verbulo,
517 4045 653 4105 magnam
675 4029 817 4090 sustulisti
839 4029 972 4089 emedio
987 4030 1140 4090 bominum
1155 4037 1319 4092 vostrorum
1335 4031 1571 4110 indignationem,

277 4125 476 4187 vehementeis
491 4131 680 4207 composuisti
695 4133 860 4192 animorum
876 4138 987 4200 motus,
1011 4133 1095 4192 exitia
1112 4134 1313 4202 intervertisti,
1335 4131 1477 4193 tumultus
1492 4152 1571 4193 conr-

277 4227 426 4306 pescuisti.
471 4227 557 4299 Quod
578 4232 710 4292 iuturum
732 4234 821 4311 igitur
844 4233 911 4302 luit,
935 4235 959 4292 si
981 4235 1010 4293 in
1032 4233 1142 4294 malum
1164 4233 1289 4313 aliquem
1312 4236 1478 4311 pontificem
1500 4236 1640 4303 inci-§.vn

277 4328 391 4390 dissent
413 4330 459 4391 bae
480 4331 633 4393 bominum
655 4335 860 4412 cogitationes,
884 4341 916 4395 ut
938 4335 966 4395 vi
988 4342 1016 4394 et
1037 4334 1173 4395 violentia
1196 4337 1378 4414 eriperemus
1400 4335 1436 4395 ab
1459 4338 1572 4398 iniustis
1602 4387 1605 4392 .

278 4432 500 4510 possessoribus
522 4434 627 4504 multa,
659 4435 717 4495 boc
740 4455 793 4514 per
815 4443 844 4497 te
866 4437 974 4497 iactum
998 4445 1056 4506 est,
1091 4446 1123 4498 ut
1150 4438 1221 4496 citra
1250 4435 1367 4496 turbam
1395 4438 1573 4515 quiescendo

237 4533 498 4611 asconsdduamur
520 4537 626 4595 omnia.
664 4536 766 4608 Vides,
788 4537 875 4617 quale
898 4545 981 4599 tuum
1003 4540 1112 4599 lactum
1133 4540 1329 4616 interpretor,
1353 4556 1421 4598 vere
1442 4540 1640 4615 punitores„

349 4716 387 4751 Μ
404 4718 528 4784 Tyranni
547 4723 705 4788 opprimunt
723 4723 810 4789 leges.
829 4741 909 4790 marry.
924 4726 984 4774 Μ.
1058 4724 1146 4775 Verba
1164 4725 1232 4775 fidas
1304 4737 1365 4773 esse
1382 4730 1490 4791 potest,
1510 4726 1576 4791 quio

276 4805 401 4855 onasus.
453 4801 569 4856 ⁵1nlius
587 4807 721 4858 bellorum
739 4810 848 4860 author.
866 4813 1023 4874 nuaram.
1066 4809 1278 4860 ⁹hicliberest
1298 4814 1388 4859 ΜΗ.
1439 4809 1575 4875 “quida

278 4886 301 4921 ¹⁴
321 4887 500 4938 Constantini
518 4890 696 4943 donationem
714 4892 851 4960 fingentes
868 4895 1015 4959 pontifices
1033 4910 1088 4945 uon
1101 4895 1220 4947 fuerunt.
1239 4911 1318 4960 clary.
1335 4894 1395 4943 3.4.
1448 4881 1575 4961 ¹!lol1ui·

277 4970 335 5037 tur]
346 4971 706 5027 Ecclesiastic.XXlllI.2o.
740 4977 760 5010 ²¹
774 4978 952 5028 inaniobatd.
988 4979 1010 5011 ²²
1022 4977 1103 5044 dixit]
1115 4980 1221 5045 Evang.
1229 4996 1285 5029 sec.
1294 4978 1508 5030 loann.XXl.ts.
1516 4995 1576 5046 sqq.

274 5057 300 5092 ²⁸
315 5073 394 5108 meas
412 5068 479 5108 oves
498 5062 524 5112 4.
558 5086 561 5090 ·
581 5060 603 5093 ²⁴
622 5060 734 5129 vocans]
753 5065 861 5128 Evang.
874 5078 931 5112 sec.
945 5066 1046 5115 Matth.
1060 5066 1146 5116 IV.ts.
1166 5080 1223 5113 sec.
1237 5065 1324 5115 blare.
1338 5066 1404 5115 th.
1418 5090 1449 5099 —
1463 5065 1576 5115 Utinam

275 5142 307 5194 ld
332 5142 387 5194 hoc
414 5146 538 5210 tompore
567 5153 735 5198 servaretur.
764 5165 844 5213 rnorp.
859 5150 921 5198 Μ.
1001 5147 1024 5180 ²⁷
1040 5150 1099 5199 Leo
1126 5153 1298 5200 restaurator
1323 5149 1434 5215 pristini
1462 5150 1576 5201 ordinis.

272 5245 360 5293 mara.
376 5230 436 5278 Μ.
484 5228 504 5262 ⁸¹
524 5231 705 5282 uehementes
724 5238 770 5281 MS.
786 5239 813 5279 Α.
1549 5242 1551 5245 ·
