3625 7050
1489 1188 1505 1221 Γ

462 1201 596 1252 LXXXV.
625 1215 747 1250 nuruum
761 1215 797 1249 nn
811 1217 867 1250 rvr..
882 1216 971 1250 ranae
985 1216 1028 1250 nn.
1043 1217 1068 1250 u.
1083 1210 1116 1250 rt.
1131 1215 1195 1251 svo.
1211 1208 1268 1251 tots.
1440 1186 1508 1256 18.)

225 1372 386 1433 reiioiemus
408 1362 534 1448 culpam.
572 1369 658 1431 Certe
679 1370 922 1431 iucundissimum
945 1371 992 1430 hie
1015 1370 1151 1430 omnibus
1173 1369 1373 1448 spectaculum
1389 1370 1426 1430 oh
1442 1379 1566 1431 octar-§.a

225 1471 262 1534 los
283 1479 435 1534 uersatur:
458 1479 501 1531 tot
515 1471 666 1548 Principes
680 1473 796 1532 iuventa
812 1470 898 1532 simul
915 1480 944 1532 et
958 1474 1092 1550 errrporis
1107 1473 1204 1550 speeie
1219 1478 1407 1550 praestantes,
1432 1479 1511 1533 tanta

225 1572 367 1636 uomitum
394 1591 429 1634 ao
451 1573 589 1651 Equitum
612 1572 784 1642 multitudo,
807 1573 861 1633 ilos
883 1573 996 1634 scilieet
1017 1573 1180 1634 Germaniae
1203 1573 1378 1643 nobilitatis,
1407 1580 1439 1634 ut
1461 1575 1510 1652 (μή

225 1673 273 1735 bos
300 1676 465 1745 intueatur,
492 1674 692 1735 formidandos
722 1693 900 1753 magnopere
923 1675 1035 1736 Turcas
1064 1693 1123 1736 non
1150 1682 1241 1753 putet.
1287 1674 1397 1744 Quodsi
1426 1675 1568 1735 hodiett·

225 1784 333 1839 tautum
356 1775 471 1837 cerebri
495 1783 539 1836 est
560 1776 729 1845 Germania
758 1783 899 1855 qnantum
927 1778 1046 1846 virium,
1075 1777 1167 1837 ausim
1196 1777 1260 1836 orbi
1289 1783 1435 1837 terrarum
1458 1777 1512 1836 uri·

225 1880 282 1940 oart
303 1879 415 1956 tumm.
460 1878 531 1937 laxit
560 1877 632 1937 deus
659 1883 719 1955 opt.
743 1896 818 1937 nrax.
842 1887 874 1939 ut
903 1878 957 1937 sihi
981 1877 1134 1938 considant
1156 1879 1200 1946 hi,
1229 1897 1393 1956 aquarum
1417 1879 1511 1938 cousi-

225 1980 261 2041 liis
283 1980 383 2041 omnia
405 1979 549 2058 pendent:
580 1961 748 2057 quidaliml
772 1986 875 2056 optare
898 1981 974 2038 enim
997 1978 1156 2048 dehemus,
1186 1998 1274 2057 quam
1296 1987 1327 2039 ut
1349 1998 1428 2041 nrrne
1450 1998 1511 2039 ma-

225 2082 295 2143 rime
317 2088 458 2160 agnoscat
481 2098 512 2139 se
534 2080 710 2141 Germania?
739 2082 803 2158 Agit
831 2081 879 2140 hic
907 2079 1020 2158 legatus
1051 2083 1156 2141 sununi
1185 2081 1344 2158 pontificia,
1374 2083 1402 2141 in
1426 2083 1566 2142 cuiusce.

225 2182 365 2245 eandam
387 2190 431 2242 est
453 2183 581 2243 excitare
603 2182 632 2240 in
655 2181 767 2241 'lurcos
789 2180 914 2250 bellum;
943 2201 1031 2260 quiam
1054 2201 1173 2242 cansam
1195 2184 1253 2260 egit
1275 2185 1423 2253 oratione,
1447 2202 1512 2262 quae

225 2284 313 2362 malis
336 2284 389 2354 sit,
412 2283 538 2352 ridebis,
562 2283 611 2343 uhi
636 2283 742 2343 editam
766 2283 801 2343 ad
825 2291 854 2344 te
877 2288 1080 2344 tr·ans1uisero:
1104 2284 1229 2361 exigitur
1250 2285 1356 2344 uiritim
1379 2286 1511 2362 perraria,

225 2405 305 2451 uam
335 2387 365 2445 in
394 2384 607 2463 expeditionem
643 2385 791 2444 insumere
820 2392 969 2462 oporteat:
1004 2386 1073 2463 quid
1102 2385 1256 2445 admissuri
1283 2386 1341 2445 sint.
1363 2387 1510 2455 Germani,

225 2488 315 2550 lhuc
337 2487 368 2546 iu
390 2484 600 2546 deliberatione
623 2491 762 2545 versatur.
808 2487 831 2545 si
853 2493 970 2563 tempus
992 2492 1052 2555 est,
1076 2494 1108 2545 ut
1126 2504 1183 2570 gnos
1206 2486 1244 2545 dii
1267 2488 1437 2565 respiciant,
1461 2506 1510 2547 ue·

225 2610 266 2654 ue
295 2587 408 2658 dueum
431 2595 490 2655 est,
521 2585 590 2656 luli,
619 2606 715 2665 neque
744 2587 868 2647 militnm
895 2588 1003 2666 inopia.
1048 2587 1114 2665 lpse
1142 2587 1213 2647 mihi
1235 2589 1344 2665 optima
1366 2606 1509 2666 propono,

254 2709 354 2769 spem
376 2689 509 2766 concipio
531 2706 589 2747 non
612 2690 756 2766 exiguam.
800 2689 967 2749 Frernndus
990 2697 1034 2749 est
1056 2689 1102 2750 hic
1125 2697 1299 2758 conventum
1323 2707 1390 2749 nam
1413 2689 1566 2756 othe-ao.

225 2811 286 2857 em
312 2791 516 2852 Romanorum
544 2791 687 2868 parturit,
716 2797 743 2852 et
770 2792 843 2851 meis
871 2790 964 2851 literis
986 2810 1020 2851 ac
1041 2809 1093 2850 sua
1117 2792 1221 2851 virtute
1244 2791 1436 2851 clarissimum
1459 2808 1512 2868 per

225 2892 408 2959 armoniam
431 2892 595 2970 prinoipem
618 2890 770 2952 Albertnm
793 2892 1047 2970 archiepiscopum
1069 2893 1138 2953 iecit
1153 2892 1349 2961 Carrinatem:
1373 2912 1407 2952 ao
1430 2892 1512 2952 Clui-

225 2997 394 3077 ophorum
416 2991 622 3072 Brunsrigium
650 2995 680 3053 in
707 2995 990 3072 arrlriepiscopatum
1013 2994 1203 3055 Breruenscm
1234 2994 1353 3061 extulit,
1384 3002 1413 3054 et
1434 2993 1511 3053 Casi-

225 3103 288 3162 iro
312 3094 478 3156 urarclrioni
502 3113 537 3154 ex
559 3093 738 3156 nobilissima
760 3095 940 3155 Bararornm
963 3096 1051 3155 domo
1073 3103 1194 3174 nuptam
1217 3095 1387 3156 conciliarit.
1433 3096 1511 3156 idem

244 3196 377 3262 bellum
399 3194 503 3255 'l'urc-is
526 3197 655 3267 invehet,
679 3204 741 3256 tum
764 3197 965 3267 salinosum,
989 3197 1096 3275 quihus
1118 3216 1214 3276 neque
1235 3199 1318 3275 prius
1339 3215 1436 3274 neque
1459 3215 1510 3274 po·

225 3303 323 3367 erius
348 3297 428 3357 nasci
450 3298 579 3375 contigit.
624 3297 687 3358 blea
716 3298 752 3357 ad
781 3300 930 3377 principes
958 3300 1120 3360 exhortatio
1149 3317 1207 3358 non
1235 3299 1331 3360 oditur
1352 3300 1382 3358 in
1405 3297 1567 3366 incentat.
1635 3365 1638 3374 Ι

225 3404 289 3470 rod
313 3403 418 3461 insunt
440 3399 573 3476 quiedam
596 3398 732 3459 liberiora
756 3418 844 3478 quam
871 3401 947 3460 ierat
975 3401 1037 3460 haec
1065 3409 1149 3461 zetas:
1178 3402 1253 3461 nosti
1282 3419 1368 3479 quam
1392 3401 1422 3460 in
1444 3418 1510 3478 par·

225 3529 261 3573 m
292 3500 415 3565 soleam
433 3490 684 3580 παρρησιάζεινε
707 3501 758 3563 sed
781 3520 839 3562 non
863 3509 906 3563 est
929 3503 1099 3580 ingenuitati
1122 3494 1213 3564 lorus.
1258 3503 1333 3563 Petit
1355 3510 1385 3562 et
1407 3508 1566 3563 contrata.

225 3608 398 3688 ·uptiones
419 3602 609 3663 Tartarormn
637 3602 743 3663 auxilia
765 3603 894 3665 Polonus
923 3624 977 3683 per
1007 3605 1134 3682 legatam
1163 3624 1197 3664 arr
1226 3606 1363 3683 quiddam
1392 3612 1436 3665 est
1464 3606 1512 3665 bic

225 3717 300 3775 iam
317 3706 412 3768 Gallis
433 3705 563 3781 negocii;
586 3711 649 3765 term
671 3704 708 3764 ab
723 3705 870 3783 ilungaris
885 3713 986 3767 orator
1001 3714 1045 3767 est
1060 3706 1254 3785 Hieronymus
1269 3706 1387 3766 Balbus.
1425 3706 1508 3776 erod
1522 3718 1566 3768 §.a

225 3834 423 3848 ‘—

270 3883 283 3916 ¹
309 3886 461 3939 iucundili.
475 3891 564 3939 Α...1).
650 3888 966 3941 'Germaniretltlllfi
1036 3892 1180 3941 Germanae
1199 3894 1287 3941 ceteri.
1368 3890 1510 3942 ⁵Gcrma·

225 3989 251 4023 {a
269 3970 349 4020 AB.
386 3971 481 4035 ⁷Quid
495 3974 599 4039 aliquid
614 3975 641 4024 u.
677 3974 1510 4042 ⁸legatus]nlatore,ThornasCaietanusaS.Sixto.Card.

225 4058 380 4108 ciaconus.
394 4073 473 4123 marp.
487 4061 519 4108 1).
560 4057 570 4090 ⁹
584 4058 665 4125 orat]
678 4062 820 4112 Edidimus
834 4065 862 4110 et
875 4066 1030 4125 repetemus
1044 4066 1106 4125 pont
1115 4060 1232 4108 Hutteni
1246 4061 1350 4110 exhort.
1362 4060 1397 4109 ad
1409 4060 1510 4108 bellum

225 4147 311 4194 ntra
321 4140 659 4209 Turcossnseipiendum.
705 4144 726 4178 ¹⁰
745 4146 857 4196 oeditam
871 4145 934 4195 DE.
985 4144 1003 4177 ¹¹
1022 4160 1129 4194 atemere
1143 4148 1199 4193 Μ.
1251 4142 1272 4175 ¹⁵
1290 4144 1464 4193 Rhomauorir
1479 4146 1510 4193 1).

228 4239 377 4279 Annuus.
400 4227 626 4294 archepiscopum
643 4231 709 4280 AB.
782 4229 913 4280 hibertus
925 4230 1182 4295 Brandenbnrgius,
1207 4225 1510 4293 ArchiepileopusMo-

226 4310 358 4362 urinas.
376 4315 502 4377 margi).
567 4313 587 4345 ¹⁷
604 4312 889 4380 Arehepilcopatirzi.
956 4314 1011 4346 ¹²¹⁸
1030 4312 1170 4365 Cahmira.
1190 4330 1269 4378 rum-g.
1285 4316 1316 4363 D.
1382 4312 1403 4346 ¹⁸
1422 4316 1511 4364 Baro·

225 4398 344 4450 mm5.
402 4394 484 4461 idem]
503 4398 687 4448 EademAlo'.
754 4399 774 4431 ¹⁹
793 4400 892 4449 felices
908 4402 1008 4466 D.aqq.
1060 4400 1083 4432 ²⁰
1102 4401 1162 4450 exh.
1182 4416 1236 4449 nou
1256 4399 1347 4447 editur
1365 4400 1393 4447 in
1411 4396 1511 4463 lucem]

225 4490 346 4536 tamen
372 4480 448 4530 edita
472 4488 514 4532 est
530 4483 660 4547 Augustae-
677 4484 824 4533 Novembri
849 4500 875 4533 a.
896 4483 973 4547 1518.Ι
988 4485 1023 4533 4⁰.
1044 4482 1325 4550 (ef.suprap.173.),
1346 4485 1513 4534 sodomissis

225 4568 319 4620 obus
339 4563 512 4629 longioribus
530 4566 600 4617 locis
618 4568 789 4632 postmodnm
808 4569 836 4617 in
850 4569 975 4634 exemplo
987 4570 1150 4635 Mognntino
1170 4586 1195 4618 a.
1212 4569 1283 4618 1511).
1296 4570 1325 4617 in
1337 4567 1511 4633 811111111-

228 4687 239 4704 .
310 4648 488 4700 aediturDE.
555 4650 576 4683 ²²
595 4651 838 4715 παρρυζιαζεινίῖ.
892 4652 1025 4719 pappum]
1045 4653 1132 4703 libere
1152 4654 1255 4704 dicere.
1326 4653 1513 4717 ingeneratio.

230 4731 445 4800 Tartarorum]
466 4737 523 4785 ‘der
540 4743 644 4786 nouem
662 4739 759 4786 russeu'
778 4751 875 4786 manera
890 4739 1007 4802 antiqua
1020 4739 1129 4788 cuidam
1144 4754 1204 4786 meo
1218 4736 1342 4801 exemplo
1356 4737 1513 4803 adscripsit.

225 4823 312 4873 astat
324 4818 437 4868 Erasmi
448 4820 556 4869 Vitellii
575 4823 700 4886 episcopi
714 4821 858 4871 Pincensia
877 4823 966 4872 oratio
989 4823 1018 4871 iu
1038 4829 1175 4872 conventu
1192 4822 1354 4884 Augustano
1373 4821 1408 4869 ed
1421 4822 1512 4871 Caesa-

225 4923 256 4958 m
279 4901 512 4954 maximilianum
528 4907 638 4956 nomine
657 4905 826 4970 sigismundi
844 4908 919 4971 regis
938 4906 1058 4955 Poloniae
1076 4908 1121 4956 die
1140 4906 1258 4954 Veneris
1276 4905 1335 4954 XX.
1349 4903 1467 4970 Augusti
1487 4921 1512 4953 a.

225 4989 282 5042 18.
299 4985 415 5049 habita,
440 4989 575 5054 impressa
593 4991 725 5055 Augustae
744 4992 824 5040 Vind.
843 4992 873 5040 in
890 4990 1005 5040 officina
1022 4990 1184 5051 blillernna,
1205 4990 1234 5038 in
1250 4988 1286 5037 4⁰.
1355 4988 1415 5038 Rex
1433 4988 1511 5038 Polo·

225 5091 264 5127 aa.
290 5072 446 5135 rrarzrpll.x
475 5071 496 5104 ²⁸
515 5073 599 5123 Galli.
617 5091 697 5139 mnrp.
713 5077 744 5124 1).
796 5077 903 5141 negotii
916 5076 949 5124 B.
960 5080 984 5123 5.
994 5079 1017 5125 6.
1088 5075 1201 5134 Balbus,
1222 5073 1293 5138 qnod
1305 5072 1339 5121 E.
1396 5073 1512 5122 Hieron.

225 5152 325 5221 uum]
348 5156 385 5205 ci.
399 5156 532 5207 Richardi
550 5159 687 5209 Bartolini
698 5160 825 5208 Perusini
845 5159 935 5215 (errius
948 5160 1046 5210 Oratio
1061 5159 1094 5208 ad
1106 5157 1325 5208 blaximiliauum
1336 5156 1406 5207 Caes.
1423 5156 1456 5206 de
1468 5173 1511 5206 cx-

226 5242 356 5296 ditione
376 5247 472 5291 contra
490 5243 597 5292 'l'urens
616 5243 795 5308 ariscipieuda
820 5245 915 5294 eodem
939 5250 1061 5310 tempore
1082 5244 1109 5292 in
1130 5243 1226 5292 eadem
1245 5240 1359 5291 officina
1378 5241 1513 5306 impresse

225 5337 256 5390 ι,
282 5324 361 5374 rande
379 5325 497 5375 Hutteni
517 5327 735 5377 exhortationem
753 5329 848 5393 primae
868 5328 998 5378 editionis
1010 5329 1155 5390 habemus)
1169 5326 1381 5390 (inscriptionem
1396 5342 1513 5375 comen-

225 5430 240 5466 s
255 5411 439 5474 Augustani,
460 5426 485 5459 a.
503 5410 574 5460 1518.
590 5411 694 5462 ailitem
708 5417 735 5461 et
748 5413 825 5461 Hier.
839 5412 921 5462 llalbi
941 5413 1011 5478 Opp.
1035 5430 1051 5462 a
1065 5414 1118 5461 Ios.
1132 5413 1166 5462 de
1181 5413 1281 5461 lietzer
1300 5409 1427 5460 collect-a.
1449 5411 1511 5459 l'iu·

225 5499 266 5547 rb.
284 5479 362 5543 1791'.
380 5492 416 5545 8⁰.
434 5495 457 5545 1.
477 5512 504 5560 p.
516 5496 575 5544 XX.
627 5496 760 5560 Hierony.
773 5496 887 5547 Balbus.
903 5513 983 5562 rnarp.
1000 5500 1029 5547 D.
