3625 7050
331 1208 404 1282 460
457 1222 643 1274 ADDENDA.
663 1219 807 1274 cxxm*.
822 1238 974 1275 οιιιιιιιιιιιι
986 1237 1023 1273 ιο
1036 1237 1218 1273 sarcasmum
1231 1237 1274 1273 ar.
1289 1238 1314 1272 ο.
1329 1238 1358 1273 ιι.
1372 1237 1433 1275 nar.
1447 1230 1508 1272 toro.

332 1401 440 1456 saniant
463 1400 490 1454 in
513 1415 630 1460 summm
652 1397 756 1453 nullum
779 1397 894 1471 lapidem
919 1415 973 1453 uon
996 1407 1118 1459 movent,
1141 1415 1175 1452 ne
1198 1397 1294 1453 saltem
1317 1416 1349 1452 ex
1372 1416 1441 1469 agro
1458 1396 1628 1453 wmluctitio

332 1485 405 1541 velut
428 1485 515 1558 ignavi
532 1492 558 1538 ot
582 1484 682 1539 inertes
704 1482 795 1539 coloni
818 1483 973 1544 eiiciantur,
998 1483 1095 1539 crebro
1111 1484 1220 1538 iuterim
1236 1482 1302 1537 illud
1319 1483 1452 1555 tragicum
1470 1483 1627 1537 occinentes

598 1557 684 1640 μόνοι
704 1557 760 1643 γὰρ
784 1547 817 1623 εὖ
838 1565 1024 1642 φρονοῦμεν,
1047 1563 1079 1622 ol'
1098 1553 1123 1620 δ’
1143 1555 1226 1622 ι’ἱιιοι
1247 1564 1355 1635 κακῶς.

281 1697 283 1701 -
331 1655 408 1712 cuius
431 1655 470 1709 rei
494 1655 571 1708 tidem
594 1661 624 1708 ut
647 1653 746 1709 iaciant
769 1654 801 1708 iis
825 1671 940 1726 quorum
964 1661 1028 1708 sunt
1050 1653 1223 1714 mercenarii,
1254 1651 1328 1708 unlla
1356 1670 1411 1708 non
1439 1653 1508 1707 hora
1531 1669 1626 1724 super·

333 1740 443 1795 hissiure
466 1738 602 1794 inculcant
625 1755 694 1810 quos
718 1738 849 1800 trilrulos,
874 1739 945 1812 qarod
969 1737 1076 1799 lolium,
1097 1756 1164 1810 quas
1187 1739 1311 1811 zyzanias
1333 1756 1365 1793 ex
1383 1737 1501 1793 aliorum
1517 1737 1646 1792 eiiciautt.

333 1825 421 1894 agris:
454 1823 529 1894 digni
564 1840 628 1877 sanc
656 1822 844 1897 conduplicata
873 1823 1010 1883 mercede,
1045 1823 1131 1895 quod,
1166 1841 1226 1878 cum
1255 1822 1321 1878 nihil
1351 1831 1433 1895 agant
1462 1822 1625 1893 faciantque.

276 1909 421 1965 §.tommo
445 1924 474 1961 so
497 1908 586 1963 lacero
609 1908 696 1961 instar
718 1907 843 1980 Aesopici
865 1908 986 1963 cantoris
1008 1906 1121 1979 gloriari
1141 1908 1324 1969 studuerunt;
1352 1907 1477 1962 homiues
1499 1906 1625 1960 nimirum

332 1993 497 2052 suavissimi,
522 1992 568 2064 qui
592 1992 618 2046 in
642 1991 736 2046 alienis
759 1992 832 2063 agris
855 1990 994 2047 loriculam
1017 1992 1098 2047 etiam
1119 1991 1216 2048 hliccm
1231 1992 1417 2064 conspiciunt,
1441 1992 1469 2045 in
1486 1991 1543 2044 suis
1560 1989 1624 2044 uilul

332 2077 510 2137 irnnuuulum,
534 2075 600 2130 nihil
624 2076 775 2136 sordidum,
798 2076 865 2130 nihil
889 2077 961 2148 quod
983 2093 1094 2150 carpere
1121 2063 1224 2148 opacas,⁸
1241 2077 1353 2130 inveniri
1370 2092 1452 2148 posse
1468 2075 1624 2133 credentem

332 2163 377 2237 (pn
401 2179 448 2215 sua
473 2162 544 2214 inter
566 2178 595 2215 se
618 2161 680 2215 vitia
703 2160 784 2215 veluti
800 2160 914 2233 Pylades
937 2168 964 2214 et
980 2161 1109 2216 llorestes
1130 2161 1351 2216 coniunctissime
1370 2167 1468 2229 tegunt
1484 2159 1657 2215 occulunt-ro

333 2264 400 2319 quaec
424 2245 495 2317 quod
519 2245 541 2298 si
565 2244 626 2316 qaus
649 2244 717 2299 alius
741 2253 814 2300 extra
839 2245 960 2317 ipsorum
984 2254 1060 2317 septa
1084 2246 1190 2317 positus
1214 2245 1303 2301 ulcera
1327 2261 1509 2316 verrucasque
1531 2261 1623 2297 eorum

332 2330 371 2385 uel
396 2347 499 2384 sununa
521 2330 577 2384 acie
601 2329 736 2401 tetigerit,
769 2329 838 2402 proh
861 2329 942 2385 ileum
971 2329 1062 2390 sulem,
1098 2347 1178 2402 quiam
1206 2347 1236 2384 os
1266 2329 1331 2384 illud
1360 2328 1624 2402 impmlentissimmn

332 2415 358 2469 in
381 2432 472 2469 areauu
495 2413 681 2486 distorquent,
706 2432 784 2486 qrram
809 2415 884 2485 rugis
909 2415 1078 2487 suspeuduut
1101 2431 1209 2475 nasum,
1235 2416 1259 2468 in
1284 2414 1372 2469 omma
1394 2413 1513 2469 convitia
1528 2413 1623 2485 parati.

332 2499 447 2555 occisuri
471 2499 551 2553 retiam
575 2498 610 2553 oh
634 2516 714 2552 arnum
738 2507 783 2553 aut
806 2498 922 2554 alterum
946 2498 1070 2559 verbum,
1101 2499 1124 2553 si
1147 2499 1208 2572 quis
1232 2498 1350 2553 timidior
1373 2515 1468 2553 cortun
1492 2497 1624 2568 obstupra-

333 2593 378 2638 tur
401 2583 551 2655 tyramnhli:
581 2582 646 2637 nihil
669 2584 855 2638 condonantes
878 2584 1016 2639 conservis
1046 2583 1119 2644 suis,
1147 2601 1207 2639 cum
1235 2585 1308 2638 omni
1339 2582 1522 2639 nnmihcentia
1552 2581 1656 2635 lumi-is

276 2667 455 2741 segnissimi
479 2667 680 2741 patrisfamilias
704 2667 754 2739 ipsi
777 2668 832 2721 sint
854 2667 1022 2741 locupletati.
1060 2668 1218 2723 lluiusmodi
1242 2676 1270 2722 tu
1293 2666 1433 2740 praelium,
1467 2666 1623 2721 doctissime

332 2754 367 2809 mi
391 2752 527 2825 tlapniou,
557 2753 634 2806 orariis
663 2752 714 2806 iarn
742 2755 937 2825 propeuuulmn
962 2752 1086 2826 pluribus
1110 2771 1206 2824 uiagrro
1230 2751 1382 2807 simillimus
1404 2751 1514 2807 llerculi
1543 2750 1624 2804 susti·

333 2837 430 2897 unisti:
454 2836 606 2892 huiusmodi
631 2837 719 2891 lerunt
744 2837 874 2891 ιιιιιιιιΙιιιι1
898 2845 1035 2910 ιμιοιιμιοι
1059 2838 1152 2909 pietati
1175 2847 1202 2891 et
1225 2855 1293 2892 serae
1313 2837 1453 2909 sapientiae.
1468 2834 1624 2892 consanum

333 2921 423 2980 uelint.
469 2938 622 2995 ‹prianuuaru
646 2920 684 2974 illi
707 2921 774 2974 nihil
798 2922 886 2993 pium,
922 2921 987 2975 nihil
1012 2922 1134 2994 sapidum
1164 2922 1310 2994 npurwutur
1339 2921 1411 2994 quod
1440 2919 1473 2974 ah
1503 2921 1624 2992 ipsorum

331 3006 467 3077 discrepet
489 3005 610 3059 electrina
635 3005 675 3059 rel
699 3006 840 3065 instituto:
863 3006 991 3060 instituto
1014 3016 1104 3062 autmu
1127 3006 1295 3068 huiusmodi,
1321 3014 1349 3060 ut
1373 3005 1472 3059 lulensi
1497 3003 1655 3058 omnihusro

332 3107 425 3144 omnes
447 3089 659 3149 ealurnnienhu·;
688 3098 860 3162 expectantes
883 3108 895 3144 a
920 3091 1055 3145 cumomni
1085 3091 1203 3145 omnium
1233 3089 1427 3163 patrefamilias
1455 3105 1624 3144 corummuuu

332 3175 498 3234 mercedem,
521 3174 747 3234 nrisericordiam,
773 3175 823 3247 ipsi
847 3175 873 3229 iu
897 3173 979 3229 alium
1002 3175 1135 3231 inominem
1159 3176 1247 3229 ruimus
1263 3175 1451 3229 misericordes
1467 3191 1547 3245 ipram
1564 3189 1623 3226 eum

282 3331 286 3339 .
332 3259 377 3331 qui
401 3259 432 3312 ed
455 3259 588 3314 culturam
612 3260 669 3331 agri
692 3259 819 3314 ‹leirrriniei
843 3267 937 3314 noctes
960 3260 1040 3315 ducat
1062 3260 1214 3321 insomnes:
1237 3277 1312 3314 aeres
1328 3268 1355 3313 et
1371 3258 1471 3332 lyncei.
1496 3256 1541 3312 uhi
1559 3255 1623 3311 nihil

333 3343 372 3400 rel
396 3337 542 3398 minimum
558 3351 600 3396 est
622 3343 749 3416 periculi,
774 3344 854 3398 humo
878 3344 978 3416 saepius
1002 3345 1098 3415 urgens
1114 3344 1231 3404 utilitas,
1255 3354 1282 3398 at
1299 3342 1343 3398 uhi
1359 3343 1543 3397 sublatissima
1560 3359 1623 3394 reiro

220 3468 225 3473 ·
276 3427 320 3476 §.o
331 3427 498 3484 clamandum
521 3436 606 3489 esset,
630 3429 716 3500 magis
738 3437 828 3483 nudos
853 3429 972 3501 reperias
995 3446 1074 3501 opiam
1098 3429 1199 3501 pisces,
1224 3447 1303 3502 «piram
1326 3427 1479 3484 scarabeos.
1525 3426 1563 3480 lta
1584 3426 1654 3481 ira-rs

332 3532 411 3568 verso
435 3513 529 3569 ordino
552 3531 602 3586 pro
627 3511 703 3567 malis
726 3512 886 3585 allliguntur
909 3512 987 3575 honi,
1017 3532 1067 3586 pro
1098 3513 1176 3569 honis
1205 3524 1372 3569 coronantur
1394 3512 1515 3569 omnium
1539 3509 1623 3566 scele-

331 3598 458 3659 stissimi,
494 3598 726 3670 qiiaudoqnidem,
763 3598 904 3653 anthimus
928 3599 978 3659 ait,
1014 3598 1084 3653 solet
1107 3617 1169 3671 pars
1192 3599 1312 3654 deterior
1339 3600 1445 3654 uincere
1474 3597 1621 3653 meliorem.

330 3682 390 3740 Sed.
413 3684 448 3737 mi
471 3683 658 3737 candidissime
673 3676 958 3755 tlapuion,'querelas
982 3691 1089 3737 nostras
1112 3683 1138 3738 iu
1162 3683 1233 3740 aliud
1256 3691 1362 3755 ternpus
1385 3683 1555 3737 dilleremus:
1586 3689 1623 3736 ιιι.

330 3768 501 3841 inaguanimo
524 3766 670 3839 persimilis
693 3767 814 3828 Herculi,
846 3767 961 3840 llydram
991 3766 1062 3821 illam
1090 3786 1141 3839 pro
1169 3768 1249 3822 animi
1280 3768 1317 3822 tui
1347 3768 1531 3838 nraguitudiue
1560 3782 1624 3819 cirn-

333 3853 428 3911 tuude.
450 3851 592 3907 habiturus
609 3853 679 3906 inter
697 3852 866 3913 innumeros,
891 3852 1026 3912 Theseus,
1044 3852 1260 3907 studiosissimus
1276 3853 1314 3906 tui
1330 3852 1504 3910 delensores,
1527 3850 1654 3906 llutteso

330 3953 394 3991 mun
411 3936 486 3991 illum
503 3936 587 3990 virum
603 3944 742 3991 strennum
760 3944 787 3990 et
811 3936 837 3990 iu
862 3935 994 3993 olreuudis
1018 3936 1170 3991 huiusmodi
1194 3936 1321 4009 periculis
1345 3936 1435 3990 auimo
1460 3937 1621 3991 inconcusso

333 4021 539 4093 indefessoque,
568 4028 625 4076 tum
653 4021 770 4093 denique
793 4019 826 4074 ah
851 4021 916 4093 ipsis
941 4021 1039 4074 Gratiis
1062 4021 1208 4076 lorrnahuu
1231 4021 1366 4075 huminem
1390 4020 1547 4093 Philippum
1571 4019 1623 4073 lle·

329 4105 535 4165 lauchthonem,
569 4123 638 4178 ipms
666 4105 776 4160 nomine
805 4122 865 4159 meo
891 4104 974 4160 ιιιιιΙιι
1004 4105 1091 4160 salute
1120 4106 1259 4178 impertias
1289 4105 1463 4160 uehementer
1491 4104 1622 4177 discupio.

330 4188 391 4246 Vive
415 4190 496 4245 italis.
520 4192 597 4245 Αιιιιο
620 4190 759 4245 Μ.Ι).ΧΙΧ.
782 4189 873 4246 llensc
895 4190 972 4245 lluio.

395 4385 406 4416 ²
430 4385 595 4451 trugicuml?
618 4390 713 4437 nescio
738 4391 815 4438 cuius
838 4391 935 4454 poclm.
972 4388 1015 4437 cf,
1037 4389 1144 4437 Erasmi
1164 4388 1273 4453 helegio
1292 4390 1374 4438 ‘Solus
1397 4390 1475 4451 sopit*
1502 4394 1530 4437 et
1550 4390 1624 4437 ‘Hac

325 4474 429 4537 potior·',
450 4471 491 4519 cd.
506 4473 635 4521 Francos.
659 4471 735 4521 lilith·
751 4474 797 4522 fol.
817 4491 842 4538 p.
859 4472 915 4522 187.
969 4471 1051 4521 ⁸soli
1069 4488 1119 4521 nos
1138 4474 1210 4522 enim
1228 4473 1300 4521 bene
1318 4474 1455 4537 sapimus,
1476 4475 1622 4522 celerian-

330 4563 384 4608 tem
403 4556 484 4605 mole.
542 4556 732 4621 ⁷Aesopicus]
751 4550 918 4623 κιθαρῳδὸς
931 4545 1056 4622 ἄμουσος
1070 4548 1102 4607 ἓν
1120 4550 1314 4621 κεκονιαμένῳ
1326 4554 1397 4619 οἴκῳ
1409 4556 1535 4622 συνεχοῦς
1547 4547 1624 4622 ᾄδων

327 4631 507 4707 οἷνιηχούοης
525 4631 602 4706 αὐτῷ
619 4640 669 4706 τῆς
687 4640 798 4705 φωνῆς,
817 4630 886 4691 ὥστε
905 4631 994 4691 αὐτὸν
1007 4642 1122 4707 νομίσαι
1137 4630 1269 4706 εὔφωνον
1282 4634 1356 4690 εἶναι
1371 4633 1503 4705 σφόδρα,
1521 4639 1570 4690 και
1589 4639 1624 4705 δη

328 4718 467 4791 ἐπαρθεὶς
487 4716 533 4773 lut
551 4719 641 4791 τούτῳ
660 4720 731 4789 ἔγνω
745 4723 808 4775 δεῖν
820 4722 869 4774 καὶ
883 4721 925 4783 εἰς
938 4720 1065 4789 θέατρον
1078 4722 1236 4777 εἰσελθεῖν·
1256 4714 1434 4789 ἀφικόμενος
1454 4720 1487 4775 δὲ
1501 4717 1548 4775 lut
1561 4740 1623 4789 σκη-

327 4804 381 4877 νὴν
394 4806 443 4860 καὶ
456 4802 534 4859 πάνυ
546 4809 639 4868 κακῶς
651 4799 730 4871 ᾄδων
743 4807 839 4866 λίθοις
853 4803 1026 4874 βαλλόμενος
1039 4801 1179 4876 ἐξηλάθη.
1222 4810 1243 4841 ¹⁰
1255 4810 1368 4874 Pyladis
1381 4811 1547 4876 Orestisque
1560 4811 1624 4859 nmi-

328 4897 535 4969 citiamunorunt
554 4896 638 4944 etiam
652 4896 699 4959 qui
711 4894 871 4958 Eraripidem
890 4910 944 4943 non
962 4894 1098 4958 legerunt.
1153 4896 1174 4927 ¹⁶
1191 4895 1308 4960 prelium
1324 4898 1347 4942 1.
1402 4895 1624 4945 17ιιίιιιὶιίιιιιιοι.

325 4978 346 5011 ²¹
361 4982 467 5029 comuni
477 4982 500 5027 1.
553 4976 575 5010 ²⁷
584 4977 656 5043 Lim]
671 4979 776 5027 xxm.
791 4980 952 5029 concinnius
965 4980 1005 5029 sic
1020 4985 1070 5040 „ut
1083 4979 1242 5045 plerumque
1252 4981 1297 5043 rit,
1312 4982 1401 5030 nraior
1410 4997 1476 5046 pars
1487 4981 1624 5031 meliorem

326 5064 423 5113 vicit.”
454 5063 610 5113 Gerbellius
624 5064 790 5113 commodius
810 5063 970 5129 ablegasset
982 5064 1115 5113 lectorem
1129 5064 1163 5114 ad
1175 5066 1288 5115 llomcr.
1302 5065 1335 5114 Il.
1349 5066 1371 5114 1.
1386 5065 1446 5115 576.
1461 5056 1525 5115 ἐπεὶ
1538 5058 1572 5115 tri
1586 5080 1626 5129 ιι-

328 5145 426 5211 palona
444 5144 519 5210 νικᾷ.
