3625 7050
262 1223 294 1264 0
342 1172 413 1245 124
545 1183 711 1239 xxxxvn.
735 1196 909 1234 urrunnun
922 1195 998 1232 arcu.
1013 1197 1124 1234 cnocvu
1136 1197 1179 1230 ur.
1204 1197 1231 1230 n.
1245 1190 1266 1230 s.
1279 1195 1345 1231 avc.
1360 1190 1420 1232 ttls.

339 1361 456 1439 Lipsam
478 1358 546 1419 ituri
568 1374 632 1417 sese
654 1355 809 1422 offerrent,
842 1353 955 1430 fuitque
970 1351 1047 1412 ¹illud
1069 1353 1099 1412 in
1122 1371 1224 1422 eausa,
1257 1358 1306 1422 ut,
1338 1370 1431 1431 quum
1452 1352 1557 1432 longos
1576 1352 1623 1413 tibi

283 1461 564 1532 §.acommentarios
586 1465 686 1518 texere
707 1455 825 1525 rebem,
855 1456 901 1514 vix
925 1454 1044 1515 brevem
1066 1454 1141 1514 hauc
1163 1453 1315 1532 epistolam
1345 1451 1517 1516 celerarem.
1561 1455 1623 1528 Ger·

336 1573 401 1626 tum
422 1565 511 1641 igitur
533 1559 621 1629 habe,
645 1559 818 1618 amicissime
841 1555 948 1626 Groce,
972 1574 1073 1616 eorum
1097 1574 1162 1634 quae
1183 1557 1316 1634 inprimis
1337 1565 1424 1635 opto,
1451 1575 1545 1618 unum
1567 1575 1626 1616 esse

248 1700 251 1708 ι
337 1666 409 1734 hoc,
437 1671 470 1724 ut
489 1670 523 1722 tu
546 1679 633 1740 quarn
656 1659 821 1730 felicissime
843 1675 913 1735 agas
934 1665 1022 1736 atque
1043 1659 1069 1718 is
1091 1659 1138 1718 cui
1159 1665 1206 1726 tu,
1234 1658 1280 1718 his
1302 1658 1449 1728 moribus,
1479 1659 1535 1718 hac
1564 1676 1626 1718 eru-

338 1767 447 1828 ditione
469 1765 571 1833 bomo,
602 1761 752 1840 displices,
782 1766 895 1821 tantum
918 1759 955 1819 ab
978 1761 1057 1819 omui
1079 1758 1220 1841 felicitate,
1236 1759 1327 1830 absit,
1359 1767 1502 1839 quantum
1524 1766 1554 1819 te
1576 1773 1645 1836 egos

279 1884 325 1935 §.a
339 1869 375 1929 ab
398 1869 477 1928 omni
500 1864 687 1925 incommodo
709 1864 783 1923 rotis
805 1861 942 1922 omuibus
964 1861 1067 1922 abesse
1090 1863 1185 1939 cupio.
1222 1861 1386 1923 Narrautur
1407 1861 1478 1921 mihi
1494 1859 1628 1941 ‚epistolae

338 1970 533 2030 obscurorum
555 1967 686 2034 virorum
707 1971 768 2024 tota
790 1963 946 2025 Germania
970 1963 1126 2041 divulgari,
1155 1971 1185 2023 et
1206 1965 1283 2041 apud
1305 1982 1357 2023 vos
1383 1982 1502 2042 quoque
1529 1963 1629 2023 baberi

337 2073 367 2131 iu
390 2068 525 2130 manibus
546 2067 661 2145 gaudeo
683 2066 802 2132 absens,
825 2082 884 2124 nou
904 2066 1023 2125 nescius
1045 2066 1155 2126 interea
1174 2083 1262 2143 quam
1277 2065 1362 2125 isthic
1376 2083 1428 2125 vos
1442 2065 1630 2143 triumphetis

337 2178 497 2250 praesentes
518 2169 579 2237 liis,
602 2167 709 2246 quibus
731 2172 954 2226 monumentum
976 2165 1034 2226 hoc
1055 2167 1103 2236 lit,
1132 2160 1322 2226 insultando.¹
1351 2161 1405 2244 age
1427 2167 1531 2243 igitur,
1560 2165 1630 2225 nihil

337 2273 496 2333 intermitte
518 2270 596 2347 quod
619 2269 739 2347 quidem
752 2267 922 2329 divexandis
936 2269 1071 2344 pessimis
1085 2266 1254 2327 homiuibus
1268 2285 1413 2346 usurpare
1427 2269 1540 2346 possis:
1563 2266 1630 2327 bar·
1641 2279 1662 2318 ¹⁰

282 2388 327 2438 tt.
338 2374 410 2434 bare
431 2373 566 2433 ridentur
587 2369 721 2431 barbari:
744 2387 831 2447 quam
854 2368 912 2428 boc
935 2367 1011 2429 bene
1034 2371 1172 2439 cesserit,
1199 2369 1335 2448 probavit
1355 2369 1513 2438 Erasmus,
1543 2370 1631 2447 aptis-

337 2476 441 2535 simam
462 2473 580 2533 tandem
602 2471 676 2530 viam
699 2489 755 2548 qua
777 2468 960 2548 exagitentur
975 2471 1102 2548 improbi
1116 2472 1268 2548 sophistae,
1291 2473 1438 2532 inventam
1454 2470 1632 2539 arbitratus;

337 2577 388 2644 sed
411 2576 497 2644 mibi,
521 2575 570 2652 qui
592 2574 656 2633 haeo
678 2571 780 2640 audio,
803 2573 902 2632 ridere
925 2569 1089 2632 nonlicet:
1112 2572 1243 2632 nondum
1266 2573 1343 2632 enim
1365 2573 1402 2632 ad
1424 2571 1526 2633 oculos
1549 2590 1632 2633 meos

336 2682 535 2756 pervenerunt
556 2676 615 2743 isti,
639 2674 740 2751 quiqui
762 2682 845 2743 sunt,
875 2673 993 2734 obscuri
1015 2675 1082 2742 viri:
1111 2683 1192 2735 recte
1214 2673 1347 2742 obscuri,
1376 2691 1435 2734 uon
1458 2693 1475 2734 a
1496 2693 1546 2734 me
1568 2681 1632 2733 tan·

277 2821 280 2826 -
337 2787 409 2839 tum.
454 2778 578 2838 Gratum
599 2777 687 2854 igitur
710 2776 830 2844 leceris,
867 2775 955 2853 (quod
978 2782 1093 2852 gratum
1116 2775 1191 2845 dixi,
1216 2784 1245 2835 et
1267 2776 1464 2852 gratissimum
1487 2776 1666 2855 iuquamltt

282 2881 361 2945 §.usi
383 2888 412 2938 te
434 2858 566 2937 mittente
589 2875 737 2954 exemplar
759 2894 911 2954 accepero.
956 2876 1066 2937 Novem
1090 2895 1206 2938 meuses
1228 2877 1284 2936 iam
1307 2878 1336 2935 in
1359 2875 1438 2936 ltalia
1460 2894 1543 2946 sum,
1577 2895 1633 2938 nec

338 2980 434 3040 adhuc
456 2977 577 3039 alicuius
598 2977 704 3038 literati
726 2977 810 3036 amici
839 2995 874 3036 cx
902 2977 1059 3037 Germania
1087 2976 1238 3058 epistolam
1268 2980 1382 3056 accepi,
1415 2996 1475 3038 uno
1506 2987 1633 3056 excepto

336 3081 505 3141 Hermanno
527 3079 614 3140 Novae
637 3077 746 3156 llquilae
769 3079 889 3138 comite:
925 3079 973 3139 bic
995 3080 1074 3139 enim
1095 3080 1191 3140 officio
1213 3095 1273 3139 nou
1294 3062 1396 3139 deluit.
1439 3079 1500 3140 Nisi
1527 3080 1634 3141 durius

337 3183 394 3243 hoo
421 3189 498 3242 esset
524 3199 612 3259 quarn
639 3186 673 3240 ut
694 3197 760 3239 meo
783 3180 812 3237 iu
834 3185 863 3239 te
885 3181 979 3239 amori
1002 3181 1167 3250 conveniat,
1190 3198 1359 3240 accusarem
1381 3187 1424 3250 tc,
1452 3199 1634 3260 quamquam

337 3284 455 3362 quidem
477 3283 507 3342 in
530 3280 624 3360 aliqua
646 3282 722 3341 sorte
745 3291 832 3340 causa
855 3281 959 3351 lueriS,
989 3296 1080 3360 quare
1102 3299 1161 3340 noa
1183 3281 1344 3351 scriberes,
1373 3289 1423 3342 aut
1449 3270 1670 3361 potius'quoo

338 3387 433 3446 miuus
455 3384 533 3462 quod
556 3383 696 3461 scripsisti
718 3382 777 3442 huc
798 3383 990 3460 perferretur.
1034 3383 1076 3442 be
1098 3400 1162 3443 mea
1185 3401 1251 3444 cum
1273 3385 1404 3462 quinque
1419 3382 1508 3444 Gallis
1532 3402 1634 3463 pugna

337 3488 456 3548 omniuo
479 3484 587 3565 aliquid
609 3486 684 3545 scias
706 3491 823 3563 oportet
844 3484 955 3563 ubique
978 3483 1193 3563 divulgantibus
1216 3485 1370 3546 curtisanis
1398 3486 1447 3564 qui
1477 3494 1632 3547 vocantur.

280 3588 493 3666 ttGapniouis
508 3587 657 3665 negotium
672 3586 773 3647 Romae
795 3588 932 3656 vertitur;
955 3605 1034 3647 nunc
1057 3588 1205 3647 convocati
1227 3588 1357 3666 undique
1378 3586 1506 3665 theologi
1530 3588 1634 3667 dispu-

336 3697 411 3758 tant,
428 3697 494 3767 post
509 3695 666 3749 statuetur:
684 3707 719 3748 eo
735 3689 811 3748 enim
826 3672 1020 3756 ventum'est,
1037 3690 1146 3765 optime
1158 3688 1265 3759 Grooe,
1281 3690 1384 3750 utiam
1401 3707 1460 3749 non
1475 3690 1547 3767 quid
1564 3709 1633 3750 seu·

284 3858 287 3865 ,
336 3783 406 3852 ser'it
428 3790 523 3850 bonus
544 3796 641 3867 pater,
665 3789 717 3849 sed
739 3790 808 3867 quid
831 3792 957 3850 sensisse
979 3791 1075 3868 putari
1097 3792 1202 3867 possit,
1225 3792 1393 3868 accipiatur.
1438 3790 1512 3852 Cum
1528 3793 1668 3870 primistt

337 3870 426 3962 scies,
442 3892 508 3961 ubi,
525 3892 602 3970 quod
620 3892 649 3950 in
664 3892 726 3951 dies
741 3909 843 3968 spero,
860 3892 894 3951 ad
912 3911 959 3952 me
974 3892 1086 3951 venerit
1100 3895 1256 3962 sententia,
1272 3895 1402 3953 uoniam
1419 3892 1455 3952 de
1470 3891 1632 3969 Gapuione,

280 4002 325 4055 tt·
335 3994 388 4062 sed
403 3994 440 4054 de
455 3995 562 4054 nostris
578 3995 771 4054 communiter
786 3993 889 4053 studiis
904 3992 970 4052 lata.
1005 3993 1074 4054 llaec
1089 4013 1104 4053 a
1120 4014 1182 4064 me,
1203 3996 1253 4073 qui
1268 3994 1366 4055 brevis
1387 3982 1451 4054 esse
1469 3992 1546 4054 volo.
1580 3993 1631 4055 ali·

336 4096 405 4175 quid
422 4097 499 4156 enim
513 4096 555 4155 tui
571 4095 667 4155 studio
682 4101 814 4155 moratus
835 4113 902 4154 sum
924 4095 978 4155 lios
993 4096 1187 4165 Pomeranos,
1212 4097 1260 4175 qui
1275 4094 1327 4156 tibi
1343 4097 1396 4155 has
1410 4095 1548 4156 reddunt.
1579 4096 1632 4156 sed

336 4203 365 4257 et
386 4197 442 4256 hoc
463 4214 522 4256 nou
543 4198 688 4255 omittam:
709 4214 816 4273 0nuper
840 4196 991 4274 epistolam
1019 4195 1073 4257 lusi
1102 4195 1230 4275 elegiaco
1259 4198 1388 4257 carmine
1418 4196 1454 4256 ad
1483 4196 1631 4257 dusaren

335 4295 561 4356 Maximilianum
576 4295 679 4363 ltaliae:
703 4314 767 4356 eam
783 4299 841 4357 mei
856 4298 1003 4359 studiosus
1019 4299 1136 4376 quidam
1148 4297 1386 4377 llittcupurgum
1400 4297 1517 4358 Faeclro
1533 4299 1665 4357 mittitur
1703 4319 1741 4360 ο

337 4415 407 4458 cura
423 4397 520 4456 videas
535 4414 605 4456 num
620 4397 689 4474 quid
705 4396 811 4458 babeat
826 4399 904 4476 quod
921 4401 1079 4461 te‘affioiat.
1103 4401 1127 4460 si
1146 4406 1262 4478 tempus
1275 4408 1340 4470 est,
1363 4406 1418 4478 prd
1433 4399 1631 4460 Maximlliauo

276 4504 322 4554 Μ·
336 4498 497 4577 responde:
520 4516 588 4558 nam
610 4499 667 4558 hoc
689 4497 751 4558 aliis
772 4499 886 4578 reliqui.
921 4500 1034 4562 Nimius
1055 4502 1114 4569 lui;
1144 4502 1231 4579 igitur
1254 4500 1406 4562 occludam
1427 4499 1536 4561 literas.
1586 4500 1631 4562 Tu

337 4599 399 4661 vale
421 4601 513 4660 nostri
534 4618 657 4660 memor.
702 4598 833 4661 bononia
856 4601 887 4659 V.
911 4602 980 4661 ldus
1002 4604 1137 4680 Augusti:
1161 4604 1283 4680 raptim,
1309 4604 1443 4671 irrerise,
1466 4604 1630 4664 sinceriter.

402 4770 531 4820 ⁶obesse
550 4771 632 4835 cupio
650 4771 711 4820 add.
725 4770 762 4830 A,
787 4776 813 4820 tn
831 4774 879 4817 MS.
906 4774 989 4821 addon
1007 4776 1088 4823 latere
1107 4776 1241 4823 adnotans.
1293 4770 1564 4834 ⁹‚‚m0uumeutum“
1581 4789 1631 4838 pro

161 4877 169 4893 ·
229 4913 238 4922 ι
334 4855 409 4907 umbo
438 4856 546 4921 quodam
569 4860 594 4905 tn
612 4859 662 4902 Ms.
683 4862 804 4919 comipto
831 4861 919 4920 posuit
934 4857 969 4906 A.
1015 4859 1075 4907 Vult
1097 4864 1187 4908 metor
1210 4862 1364 4923 preeseutes
1389 4857 1434 4907 his
1460 4856 1630 4918 insultando,

335 4941 408 5006 quib.
422 4948 471 4991 etc.
496 4940 527 4989 fit
539 4940 696 4990 insultando
709 4944 771 4990 mate
783 4942 970 4992 coniuuaerunt
982 4943 1104 4991 editores.
1158 4940 1177 4974 ¹¹
1197 4944 1286 5004 Quam
1303 4942 1357 4992 hoe
1372 4941 1632 5007 bene—probavit

335 5027 381 5075 Er.
395 5031 443 5074 etc.
463 5026 529 5074 Α.2.
539 5028 564 5074 3.
581 5028 624 5089 qui
634 5041 718 5075 omues
736 5028 815 5075 luctum
832 5028 903 5074 vualis
921 5027 1122 5077 distinctionibus
1139 5034 1317 5091 sumperunt.
1382 5027 1500 5076 cesserit
1517 5029 1631 5093 epatiden

336 5112 434 5160 addidi.
452 5110 551 5160 verbum
570 5111 689 5171 deficiens
706 5113 732 5158 in
755 5113 804 5155 MS.
818 5112 930 5159 uitiatum
949 5127 1005 5161 esse
1023 5113 1156 5163 uanosA.
1221 5111 1292 5162 Male
1310 5111 1441 5163 deMortu
1450 5110 1557 5161 Eruem'
1572 5113 1597 5161 t.
1614 5115 1630 5161 t.

336 5197 396 5246 adn.
405 5197 431 5244 3.
437 5213 447 5252 ,·
470 5196 502 5243 de
520 5194 629 5243 Erasmo
652 5195 767 5257 eptstolis
785 5192 813 5243 0.
830 5196 862 5244 V.
885 5198 1058 5260 applaudente
1076 5199 1187 5262 loquitur
1205 5199 1347 5257 Huttenus,
1371 5198 1441 5263 quod
1462 5203 1631 5261 argumentum

335 5282 436 5346 egregie
455 5282 480 5328 in
492 5279 706 5342 Expostulotiouc
724 5294 771 5327 suu
788 5294 841 5327 cum
859 5279 969 5331 Eruenm
985 5288 1135 5345 prosecutus
1153 5289 1200 5332 est.
1271 5279 1292 5314 ¹⁴
1310 5298 1327 5331 a
1339 5279 1392 5346 me]
1404 5283 1417 5330 'l
1430 5298 1463 5331 au
1480 5281 1555 5347 apuu
1571 5282 1630 5330 me?

336 5362 392 5406 ²¹¹³·
412 5364 455 5413 De
468 5368 718 5414 mea....vocantur
734 5366 873 5413 omma-³.
937 5361 959 5395 ²⁴
977 5363 1066 5431 peter]
1091 5366 1213 5430 Cupnidn.
1278 5364 1301 5398 ³⁰
1318 5365 1552 5433 Vvittenburgum
1570 5368 1628 5417 23.

335 5447 357 5480 ⁸³
377 5450 518 5513 Perperna
535 5448 592 5511 „(a.
602 5448 704 5510 imur
717 5450 777 5499 add.
791 5450 816 5499 3.

691 5566 694 5573 ·
779 5565 1178 5583 ——---——
