3625 7050
465 1224 517 1281 CC.
538 1204 661 1275 uvrrrsr
674 1237 856 1283 concussurae
869 1236 1007 1272 corsano.
1021 1236 1064 1272 se.
1079 1237 1105 1272 n.
1121 1228 1154 1271 ιι.
1169 1235 1232 1272 nov.
1247 1227 1307 1269 ltro.
1462 1204 1536 1276 425
1603 1286 1606 1293 Ι

242 1393 335 1465 lares,
364 1393 568 1473 propellantur
595 1393 721 1471 improbi
751 1393 951 1454 a‘Germania
979 1391 1104 1460 domini,
1133 1390 1261 1453 solvatur
1282 1393 1377 1470 turpis
1399 1394 1534 1463 servitus,

242 1497 415 1577 pudendum
437 1497 590 1556 obiiciatur
612 1495 726 1572 iugum!
760 1496 923 1556 Germanos
946 1513 1010 1554 esse
1032 1511 1086 1553 nos
1108 1494 1342 1562 meminerimus,
1372 1512 1469 1573 neque
1490 1495 1538 1555 bic
1573 1486 1577 1492 ’

243 1601 398 1677 quisquam
427 1599 476 1666 sit,
507 1616 594 1676 quem
623 1595 749 1657 delectet
776 1596 872 1656 rivere
880 1624 887 1663 ;
917 1595 941 1653 si
969 1613 1028 1653 riou
1058 1594 1149 1671 pbssit
1177 1594 1278 1655 libere.
1324 1594 1454 1674 Aliquid,
1478 1609 1608 1661 nonem,

244 1701 341 1760 onmia
369 1699 522 1778 praecidet,
553 1699 592 1766 si,
622 1698 701 1775 quod
731 1697 777 1756 isti
806 1703 940 1775 sperant,
970 1695 1130 1755 intercedet
1158 1697 1236 1771 regis
1265 1696 1409 1766 edictum;
1443 1716 1540 1776 neque

225 1803 343 1860 somnia
371 1800 419 1862 ille
447 1799 560 1875 refugia
591 1798 743 1866 clauserit,
774 1799 870 1857 omnia
894 1780 1068 1856 subduxerit
1089 1796 1203 1856 arrrilia.
1249 1796 1343 1867 Quem
1366 1816 1420 1875 ego
1442 1806 1539 1859 tamen

244 1902 335 1963 credo
359 1901 517 1962 abductum
540 1918 619 1960 nunc
642 1901 769 1977 pessimo
793 1898 928 1966 consilio,
953 1916 1011 1957 non
1034 1898 1083 1957 diu
1107 1898 1251 1958 raetorum
1275 1902 1361 1960 etiam
1383 1901 1456 1960 boc:
1489 1899 1540 1960 ali·

243 2004 362 2082 quando
386 2005 463 2063 enim
486 2002 576 2061 adse
599 2001 720 2070 redibit,
749 1990 845 2078 neque
866 2017 984 2076 semper
1006 1999 1235 2060 llomanensium
1263 2001 1422 2080 palponum
1445 2003 1540 2062 consi-

243 2105 290 2166 liis
313 2102 543 2164 subvertendum
566 2121 597 2162 se
620 2102 778 2180 praebebit,
802 2120 869 2161 cum
893 2101 965 2179 quia
983 2107 1025 2159 tot
1047 2100 1187 2179 exemplis
1210 2105 1390 2163 commoneri
1415 2121 1482 2163 eum
1498 2103 1540 2161 la·

244 2205 301 2266 cile
324 2212 368 2265 cst
390 2204 469 2264 ‘nibil
494 2223 557 2264 esse
581 2204 620 2263 ibi
642 2201 751 2271 bdum',
781 2210 843 2262 tnm
866 2220 935 2261 vero
958 2204 1026 2279 quia
1054 2209 1170 2281 tempus
1198 2203 1300 2264 adesse
1323 2204 1451 2274 ridetur,
1481 2222 1539 2282 quo

225 2308 310 2366 onec
338 2306 491 2366 aboleatur
519 2307 657 2384 tyrannis.
702 2304 787 2375 Orrod
817 2305 870 2362 etsi
898 2321 913 2361 a
942 2322 990 2363 mc
1019 2303 1082 2363 lieri
1109 2322 1168 2363 non
1198 2306 1303 2381 possit,
1333 2312 1431 2365 tauron
1458 2307 1608 2366 initiat-¹⁰·

246 2427 366 2468 sumere
388 2409 511 2485 poterit;
545 2406 594 2467 ubi
618 2408 667 2484 qui
689 2411 758 2465 sunl.
787 2405 833 2463 isti
862 2405 912 2482 qni
939 2403 975 2461 ad
1004 2405 1131 2481 quietem
1159 2404 1333 2466 hortantur?
1367 2409 1540 2485 quasivero

246 2509 315 2569 lorti
338 2510 416 2576 riro,
441 2507 534 2586 qualis
556 2526 620 2567 esse
642 2506 759 2573 laboro,
784 2507 936 2584 quiescere
958 2506 996 2564 sit
1013 2504 1220 2582 despicabilem
1236 2509 1346 2568 servire
1361 2509 1539 2577 servitutem,

244 2601 304 2669 lroc
331 2612 494 2687 praesertim
523 2616 658 2686 tempore
687 2626 745 2685 quo
774 2607 809 2667 ad
836 2624 984 2665 summum
1007 2606 1177 2666 conscendit
1198 2608 1261 2668 baec
1283 2609 1452 2687 indignitas
1481 2629 1541 2688 quo

246 2712 294 2770 isti
323 2711 392 2770 nibil
420 2729 478 2770 raon
509 2710 598 2770 licere.
627 2709 681 2769 sibi
709 2692 825 2776 colunt,
857 2726 915 2791 quo
938 2726 1021 2766 sacra
1052 2708 1233 2791 profanaque
1256 2712 1351 2769 omnia
1374 2712 1476 2789 impie,
1509 2717 1541 2769 ut

225 2824 396 2890 ⁵nunqnam
420 2814 516 2890 prius,
539 2814 716 2877 miscentur,
740 2828 798 2887 qno
821 2810 938 2868 mentiri
961 2816 989 2867 et
1011 2809 1147 2869 fraudare
1174 2811 1289 2888 regium
1318 2818 1362 2870 cst
1389 2819 1416 2870 et
1445 2814 1540 2889 ponti·

246 2914 359 2981 ficium,
389 2914 517 2990 diripere
541 2919 569 2971 et
591 2910 683 2970 furari
707 2913 791 2970 etiam
815 2928 942 2968 sacrum.
989 2910 1062 2969 lliuc
1085 2917 1115 2968 ῑιι
1139 2909 1225 2969 laude
1248 2919 1370 2971 conatus
1399 2932 1430 2971 cs
1458 2921 1609 2972 ravo-cu.
1636 2969 1643 2985 ,

248 3032 316 3074 care
339 3015 409 3081 lros;
443 3014 569 3089 benigne
592 3014 622 3072 id
644 3013 779 3090 quidem,
803 3011 853 3070 scd
877 3012 1010 3070 vincente
1031 3012 1163 3088 ipsorum
1187 3012 1331 3071 ‹lernentia
1354 3012 1425 3072 nibil
1443 3012 1542 3073 eblan-

248 3115 326 3175 ditus
348 3134 388 3175 es.
434 3115 494 3174 lam
518 3133 575 3173 non
599 3121 643 3173 est
664 3114 753 3190 igitur
776 3120 904 3189 tempus,
929 3120 961 3171 ut
984 3112 1137 3189 desperata
1161 3114 1298 3181 sanitate,
1322 3115 1405 3174 cuius
1426 3116 1456 3174 in
1479 3122 1541 3174 tan·

247 3202 311 3275 tum
334 3234 457 3292 capaces
480 3216 525 3274 isti
547 3233 606 3274 non
629 3221 711 3281 sunt,
742 3213 913 3273 abiiciamus
936 3213 1051 3291 putrida
1074 3215 1230 3281 caelavere,
1261 3233 1419 3274 execramus
1441 3224 1470 3275 et
1491 3217 1543 3276 ab·

226 3316 396 3377 oeteamust
431 3316 510 3396 quod
532 3316 556 3374 si
578 3317 604 3374 ri
627 3322 656 3374 et
677 3316 767 3379 aruris
789 3332 932 3374 conemur
954 3312 1086 3382 efficere,
1116 3316 1215 3375 uthis
1237 3315 1428 3375 obsecriamus
1451 3318 1542 3387 iuriis
1604 3358 1609 3367 -

249 3420 342 3478 eritne
365 3419 414 3495 qui
437 3417 599 3476 fortitudini
621 3424 729 3475 nostrae
751 3417 923 3476 temeritatis
945 3415 1139 3493 appellatione
1162 3416 1346 3476 obructabitl
1368 3419 1477 3479 Fuerit.
1515 3427 1544 3478 at

248 3538 303 3580 nos
336 3519 411 3579 banc
444 3518 566 3595 gloriam
600 3517 843 3585 existimabimus;
882 3535 978 3595 neque
1006 3537 1165 3597 sequemur
1195 3524 1292 3578 tamen
1321 3518 1459 3594 gloriam,
1492 3522 1543 3583 sed

248 3620 390 3680 libertatis
406 3619 502 3679 studio
526 3619 665 3696 periculis
687 3618 764 3679 ultro
787 3636 841 3677 rios
864 3617 1050 3678 obiiciemus:
1083 3637 1180 3698 neque
1203 3622 1279 3679 enim
1302 3623 1413 3681 servire
1434 3625 1543 3699 poteri·

247 3713 344 3784 mus.'
359 3721 465 3799 quibus
488 3722 574 3807 etiam
597 3722 756 3780 servientes
787 3722 816 3779 in
839 3721 995 3781 Germania
1017 3720 1115 3779 ridere
1137 3718 1208 3778 alios
1230 3739 1318 3798 grave
1341 3728 1398 3781 est:
1434 3731 1462 3783 et
1484 3724 1540 3784 ior·

226 3829 325 3882 stasse
348 3824 443 3881 inritis
465 3823 633 3882 bominibus
656 3841 716 3882 sure
739 3819 881 3880 libertatis
903 3819 1043 3879 authores
1066 3822 1185 3879 erimus.
1224 3823 1295 3892 Quae
1317 3822 1428 3883 idcirco
1451 3824 1612 3902 pluri-trs.

249 3922 306 3984 bus
330 3923 365 3983 ad
389 3932 417 3982 te
441 3924 559 4001 scripsi,
587 3930 620 3982 ut
643 3922 693 3983 ubi
716 3941 781 4001 quae
803 3922 851 3981 hic
873 3928 1015 3998 parentur
1037 3921 1142 3989 scires,
1167 3939 1347 3997 cognoscere
1369 3924 1421 3985 tibi
1444 3925 1545 3986 liceret

249 4043 339 4103 quam
360 4042 420 4083 non
442 4026 481 4082 sis
503 4031 583 4084 tutus
605 4022 677 4090 illic,
709 4023 758 4083 ubi
781 4026 906 4083 maxime
929 4022 1080 4081 obsistitur
1103 4024 1282 4100 reniergenti
1309 4024 1428 4085 tandem
1455 4026 1544 4087 liber·

247 4128 299 4185 tati
329 4131 356 4184 et
387 4127 569 4184 tenacissime
597 4124 689 4185 heret
717 4126 850 4184 servitus.
896 4122 994 4192 Quare
1017 4122 1170 4182 consilium
1198 4131 1242 4183 cst
1270 4143 1383 4195 meum,
1414 4145 1451 4188 ne
1472 4129 1544 4187 tanti

249 4227 340 4286 iacias
361 4225 432 4285 illud
455 4227 519 4286 istic
541 4226 683 4291 oriolum,
716 4227 798 4285 utin
821 4243 937 4285 summo
959 4223 1092 4302 periculo
1121 4227 1329 4303 conquiescere
1357 4229 1386 4286 in
1413 4231 1543 4289 animum

226 4328 380 4387 oinducas.
427 4327 549 4387 biultum
572 4335 599 4387 te
622 4329 741 4406 rapiunt
763 4326 937 4388 Basilicnses
958 4320 1015 4394 tul:
1048 4345 1113 4405 quar
1136 4335 1299 4395 moreest,
1324 4331 1393 4407 quin
1415 4349 1451 4390 eo
1473 4345 1612 4395 con-§.m

248 4429 336 4489 cedas
358 4430 592 4507 quamprimum,
619 4430 783 4507 praesertim
805 4447 954 4507 nusquam
977 4428 1133 4488 liberiores
1155 4446 1222 4489 cum
1245 4431 1302 4489 sint
1324 4431 1472 4501 bominrs,
1496 4453 1545 4494 su·
1615 4441 1617 4445 “

249 4536 316 4609 apte
339 4528 447 4607 alioqui
469 4537 588 4596 natura,
618 4547 698 4589 nrrnc
720 4530 842 4590 Lutheri
871 4532 956 4591 etiam
982 4532 1099 4608 scriptis
1121 4538 1150 4588 ot
1171 4549 1238 4590 tltco
1261 4531 1387 4609 quodam
1411 4543 1545 4611 poemate

249 4632 425 4692 Germanice
458 4633 568 4707 scripto
598 4632 672 4690 mire
700 4631 888 4691 inflammati?
920 4632 952 4690 lu
976 4648 1090 4689 snnrnra
1119 4632 1224 4690 isthinc
1248 4639 1275 4691 te
1298 4634 1379 4709 eripe
1402 4642 1431 4692 et
1453 4637 1545 4695 mani-

249 4732 356 4792 festum
380 4731 537 4791 discrimen
560 4731 721 4809 prudenter
744 4731 865 4791 declina.
912 4731 973 4789 Hoc
995 4737 1024 4790 te
1047 4748 1102 4806 rgo
1125 4730 1241 4797 hortor,
1271 4750 1358 4809 quem
1387 4741 1417 4792 ut
1446 4735 1474 4793 id
1498 4735 1613 4802 ia·§.2o.

227 4835 343 4900 ⁵ciam,
374 4852 441 4892 cuin
464 4833 519 4911 ipsi
540 4834 721 4911 persuadere
743 4832 796 4891 tibi
813 4849 878 4889 non
900 4840 1035 4908 possent,
1065 4847 1237 4891 communes
1265 4833 1350 4891 amici
1372 4836 1419 4911 pie
1442 4836 1543 4895 admo·

251 4934 323 4992 dum
347 4942 516 4994 exorarunt.
562 4935 603 4995 [la
626 4933 733 5013 aliquid
758 4933 888 4992 omnium
912 4934 1000 4999 rotis,
1030 4934 1054 4992 si
1077 4950 1136 4991 non
1158 4933 1255 5010 parcis
1277 4940 1334 4991 tuae
1356 4934 1472 5012 salutm,
1491 4955 1545 4995 no·

248 5053 319 5094 rum
347 5035 404 5093 boc
432 5042 516 5095 tuum
542 5037 571 5095 in
594 5053 751 5095 commune
774 5033 961 5093 benefactum
984 5035 1048 5092 erit.
1094 5033 1166 5093 cede
1188 5036 1296 5093 nostris
1318 5035 1471 5112 precibus,
1496 5040 1546 5116 qni

318 5184 328 5216 ³
352 5186 464 5250 Aliquid
486 5202 541 5236 non
565 5188 657 5235 omnia
681 5184 834 5251 praecludet
854 5187 911 5234 1.2.
981 5184 992 5214 ⁵
1015 5182 1072 5250 ille]
1097 5186 1147 5235 illa
1166 5190 1191 5235 2.
1273 5184 1371 5253 Quem]
1396 5188 1545 5238 Caescrem.

248 5270 278 5301 ⁶³
297 5270 363 5333 aliq.
379 5271 451 5319 enim
464 5267 524 5336 ete]
545 5271 690 5319 Courmode
710 5271 769 5320 haec
789 5270 887 5318 referri
906 5276 1020 5334 possunt
1038 5271 1072 5319 ad
1086 5272 1326 5328 commentarium,
1347 5287 1426 5335 quem
1438 5274 1545 5324 atinde

247 5357 433 5404 instrueretur
450 5354 557 5414 Caesar,
582 5356 720 5403 Huttenus
739 5360 795 5402 tum
816 5355 981 5419 composuit,
1010 5356 1107 5418 Anzcip
1125 5358 1170 5406 mie
1188 5359 1308 5419 allmepeu
1329 5357 1383 5405 ried
1401 5359 1442 5406 die
1461 5358 1547 5423 Bripet

244 5455 328 5506 pepon
346 5440 388 5488 dte
407 5439 503 5489 Kaiaer
519 5439 645 5503 pcbolten.
710 5438 905 5489 8οοιιιιιιιιιέιί
921 5441 978 5488 r.2.
1037 5438 1059 5470 ²⁰
1077 5440 1260 5489 obraeriamus
1281 5442 1338 5488 ta.
1396 5439 1415 5471 ²¹
1436 5441 1544 5491 fortitu-

246 5526 352 5575 dino2.
405 5521 427 5554 ²⁵
446 5528 557 5574 autores
576 5526 600 5571 2.
654 5521 676 5554 ”
695 5521 807 5573 otiolum
826 5526 852 5571 2.
904 5522 927 5554 ·”
944 5521 1083 5590 poemate]
1104 5524 1166 5589 Ciap
1183 5526 1233 5573 vau
1249 5541 1402 5590 vomanunp
1421 5530 1476 5577 etc.
