3625 7050
366 1216 476 1267 LXXV.
495 1229 633 1265 sersaoni
646 1229 769 1262 uvrram
782 1227 819 1262 an
833 1227 927 1262 corna.
942 1228 977 1261 nn
991 1227 1130 1263 uavnuan.
1150 1229 1176 1262 n.
1190 1220 1211 1262 3.
1225 1227 1318 1261 aram.
1335 1221 1393 1261 1518.
1454 1198 1525 1269 165

228 1388 360 1465 aspergit
381 1384 528 1445 sordibus.
572 1382 644 1443 Vide
666 1400 725 1461 quo
748 1383 872 1442 evaserit
899 1383 1095 1459 pessimorum
1123 1383 1274 1442 bominum
1303 1381 1433 1442 audacia.
1479 1383 1525 1443 Li·

227 1489 334 1550 benter
356 1493 455 1547 tamen
478 1485 534 1563 legi
556 1502 696 1562 spurcum
720 1489 946 1562 nugameuturu:
976 1501 1035 1543 nou
1064 1484 1143 1562 quod
1172 1492 1286 1562 gratum
1310 1486 1381 1545 mibi
1403 1487 1524 1556 accidat,

227 1590 326 1668 siquid
347 1588 401 1648 tibi
423 1586 580 1648 nrolestum
604 1587 712 1654 evenit,
736 1585 788 1646 sed
811 1586 877 1665 quia
902 1584 1269 1651 istiusnrodi,iacinoribus
1291 1604 1429 1664 maguum
1453 1589 1524 1648 istos

226 1691 282 1752 sibi
305 1690 385 1752 ultro
407 1688 516 1749 malum
540 1705 693 1748 accersere
716 1687 815 1757 video,
845 1695 877 1746 ut
904 1688 981 1747 sicut
1001 1695 1033 1746 tu
1057 1690 1186 1748 omnium
1210 1689 1239 1746 iu
1262 1687 1417 1747 Germania
1441 1688 1524 1748 uirbi-

227 1792 300 1854 lium
328 1792 513 1853 doctissimus
541 1808 572 1849 es
603 1789 793 1867 omniumque
820 1788 929 1849 ibidem
959 1788 1113 1849 doctorum
1136 1788 1348 1860 nobilissimus,
1377 1791 1415 1849 ita
1445 1809 1524 1851 sum·

225 1914 308 1956 mum
332 1893 411 1972 apud
433 1909 536 1952 omnes
558 1891 657 1950 odium
680 1892 778 1950 ineant
800 1891 900 1969 quiqui
923 1891 1086 1951 invidentia
1108 1908 1167 1951 suae
1190 1889 1323 1951 stimulos
1345 1892 1375 1950 in
1391 1899 1419 1952 te
1434 1891 1521 1953 talem

225 2014 262 2056 ac
290 2002 404 2055 tantum
433 1995 527 2053 sirum
558 2011 680 2053 exerere
706 2002 766 2052 aron
794 2000 863 2051 sunt
890 1992 982 2052 veriti.
1028 1993 1051 2051 F
1053 2010 1120 2052 erre
1149 1993 1227 2052 enim
1254 1991 1308 2052 has
1335 1993 1577 2071 indignitatem.

225 2098 291 2158 baec
313 2098 392 2156 natio
415 2096 522 2156 (liutius
544 2113 603 2154 nou
626 2102 738 2172 potcst;
761 2114 816 2155 nec
838 2094 888 2172 qui
911 2093 1008 2154 adbuc
1030 2092 1168 2172 lippiunt,
1192 2093 1348 2174 aliquando
1370 2114 1430 2155 non
1453 2113 1520 2173 ape·

225 2200 305 2259 cient
328 2196 438 2258 oculos,
483 2196 567 2267 Qiiod
587 2196 729 2276 ,cogitanti
751 2195 822 2254 milri
845 2195 924 2255 subit
945 2196 1111 2265 admiratio,
1141 2215 1200 2275 quo
1228 2195 1305 2256 malo
1332 2205 1434 2257 nostro
1462 2198 1521 2257 lato

226 2301 257 2360 in
281 2299 337 2360 lios
358 2299 492 2359 dominos
514 2297 713 2357 inuiderimus,
759 2296 791 2356 ln
813 2295 893 2357 ltalia
917 2303 996 2357 certe
1018 2299 1111 2357 nostri
1134 2317 1181 2358 me
1202 2299 1324 2376 puduit,
1348 2300 1463 2377 quotics
1485 2298 1576 2359 dota

225 2400 385 2480 t‘apniouis
407 2400 564 2460 alilictiono
586 2406 652 2459 orto
676 2417 743 2458 cum
765 2398 845 2458 Italis
866 2417 1004 2460 sermone
1030 2397 1071 2458 illi
1101 2406 1360 2477 percontarentur,
1385 2400 1520 2459 ‘Tantum

225 2501 296 2583 licet
317 2504 347 2562 iu
370 2502 526 2562 Germania
550 2499 718 2561 iratribusl'
747 2500 827 2560 bdoo
850 2499 931 2560 obliti
954 2501 1085 2559 oruuium
1109 2519 1172 2561 esse
1195 2518 1364 2578 possumus,
1391 2508 1425 2561 ut
1446 2519 1521 2579 quos

226 2605 263 2665 ad
286 2605 415 2664 divinum
438 2603 611 2681 obsequium
633 2603 816 2680 patrimoniis
838 2603 947 2661 nostris
969 2600 1089 2671 alimus,
1119 2620 1170 2683 eos
1198 2601 1234 2661 ad
1256 2601 1404 2680 publicam
1427 2620 1520 2680 usque

226 2704 460 2766 maledicentiam
484 2704 568 2764 nobis
591 2721 656 2763 csse
678 2702 817 2764 molestos
839 2704 993 2781 patiamur.
1038 2701 1114 2773 Quid
1143 2703 1299 2781 superbius
1328 2705 1420 2772 enim,
1450 2703 1519 2782 quid
1529 2715 1574 2766 §.a

227 2807 401 2867 indomitum
432 2807 524 2884 magis
552 2806 608 2865 boo
636 2804 789 2865 bominum
811 2805 939 2883 geucre‘l
969 2811 1019 2865 aut
1042 2805 1089 2865 cui
1114 2813 1255 2883 parcunt,
1284 2804 1428 2884 siquando
1451 2823 1519 2865 con·

226 2909 395 2969 scenderim
423 2907 500 2967 illam
528 2906 696 2985 petulantiae
724 2924 785 2967 suae
807 2925 922 2975 arcem,
953 2905 1108 2988 publicum
1135 2908 1324 2985 suggestum?
1356 2925 1415 2986 quo
1437 2925 1518 2976 uaso,

227 3010 334 3089 quibus
356 3008 535 3088 superciliis,
558 3026 615 3087 qua
638 3009 749 3077 lrontc,
778 3008 885 3086 quibus
908 3007 1048 3069 lateribus
1070 3010 1099 3068 in
1121 3009 1350 3088 uniuscuiusque
1373 3009 1519 3070 existima·

227 3112 336 3172 bouem
359 3110 597 3171 debacchantur?
626 3109 757 3180 Qumum
787 3109 824 3170 dc
851 3129 992 3180 numero,
1023 3128 1191 3190 quanquam
1215 3110 1327 3171 diversa
1350 3119 1446 3181 sorte,
1476 3118 1574 3177 ostes.

228 3213 304 3293 apud
328 3211 573 3273 Francol'urilium
596 3210 701 3272 Petrus
723 3212 835 3292 lleyer,
865 3212 1082 3273 indoctissimus
1112 3220 1183 3290 puto
1215 3214 1344 3272 omnium
1372 3213 1421 3290 qui
1444 3211 1517 3289 sap·

229 3315 309 3375 uioni
331 3313 473 3382 invident,
496 3312 590 3373 audax
612 3320 711 3373 tamen
735 3321 764 3374 et
785 3314 937 3392 insigniter
960 3313 1103 3391 petulans
1148 3314 1202 3374 llic
1223 3332 1293 3373 vcro
1316 3314 1446 3374 omnium
1469 3315 1574 3393 quiec.

226 3434 350 3495 usquam
381 3423 488 3494 agunt,
522 3414 701 3492 malignitate
733 3415 948 3493 perditissimus
977 3414 1224 3486 BartliolomaeuS,
1259 3417 1308 3493 qui
1335 3416 1518 3476 Decimator:

227 3518 264 3579 ita
287 3516 400 3578 nullum
423 3516 500 3595 apud
522 3516 626 3577 rudem
650 3515 791 3595 populum
814 3506 982 3578 sermonem
1003 3515 1092 3578 babet
1114 3517 1253 3588 verbero,
1276 3537 1364 3597 (pacm
1387 3536 1445 3577 nori
1468 3516 1519 3577 ali·

227 3639 285 3699 quo
307 3620 505 3699 perversitatis
532 3637 593 3680 suen
614 3637 727 3679 veneno
750 3619 925 3689 condiverit3
954 3621 991 3679 ita
1023 3619 1092 3679 nibil
1121 3620 1193 3679 citra
1216 3620 1350 3680 invidiam
1374 3619 1517 3699 loquitur;

227 3723 263 3781 ita
293 3724 323 3781 iu
350 3721 444 3781 bonos
472 3738 576 3780 omues
602 3719 738 3799 obliquus
760 3739 877 3798 semper
899 3728 952 3781 est.
997 3728 1026 3781 ct
1046 3722 1077 3781 in
1100 3719 1277 3798 Capnioucm
1300 3740 1366 3800 qua
1388 3722 1426 3782 dii
1449 3721 1573 3786 boniac.

229 3822 379 3883 maledicta
403 3840 491 3901 quam
514 3823 683 3900 frequenter
705 3821 867 3884 iaculatur?
894 3841 950 3901 qua
974 3824 1003 3881 iu
1025 3823 1168 3900 optimum
1190 3823 1283 3882 virum
1306 3824 1445 3899 spurcitia
1469 3822 1518 3882 de·

227 3925 394 4003 grassatur?
417 3942 594 4003 quaruquam
617 3923 674 3983 lurc
695 3923 735 3983 illi
757 3943 816 3984 nou
839 3924 973 3985 foeliciter
995 3922 1152 3983 admodum
1176 3923 1267 3992 cedit,
1291 3925 1340 4001 qui
1363 3923 1432 3984 dum
1455 3922 1519 3983 aliis

227 4027 324 4088 studet
345 4026 423 4104 apud
445 4027 573 4086 infimam
597 4024 712 4103 plebem
741 4026 877 4085 invidiam
906 4024 1077 4094 conciliare,
1106 4025 1168 4102 ipse
1197 4042 1229 4084 se
1258 4023 1336 4101 apud
1363 4026 1517 4101 optimates

226 4129 254 4188 in
277 4127 475 4206 periculosum
498 4128 554 4187 iam
577 4145 661 4204 pane
685 4128 783 4187 odium
807 4128 939 4187 coniecit.
984 4126 1066 4186 Hauc
1088 4126 1191 4186 laciem
1214 4127 1238 4186 si
1266 4125 1394 4195 videres
1424 4127 1515 4203 ipsam
1527 4146 1573 4195 §.a

228 4237 256 4290 te
277 4228 418 4289 luridiam
441 4228 540 4288 ridere
563 4228 691 4289 diceres:
722 4228 796 4288 adeo
819 4229 945 4289 bominis
967 4248 1065 4289 mores
1087 4230 1116 4288 in
1140 4229 1273 4306 corporis
1296 4246 1413 4307 quoque
1436 4228 1517 4288 linia·

227 4332 332 4391 mentis
353 4338 458 4390 natura
481 4331 638 4408 expressit:
662 4330 755 4390 simile
778 4331 916 4409 quiddam
938 4330 1144 4409 scorpionibus
1165 4330 1255 4391 habet
1276 4338 1427 4409 aspectus;
1450 4349 1519 4391 nam

226 4522 319 4567 autom
346 4531 401 4565 non
429 4515 533 4582 pudere
557 4515 714 4582 Theologos
743 4521 771 4567 ct
794 4518 980 4567 sanctissimae
1010 4516 1155 4581 roligionis
1185 4518 1357 4582 professores
1387 4518 1518 4568 tumultus

225 4600 382 4651 istiusmodi
406 4602 561 4661 concitare,
587 4616 699 4665 quorum
725 4602 814 4650 exitus
839 4602 992 4651 cuiusmodi
1015 4602 1053 4650 sit
1076 4601 1185 4651 futurus
1204 4604 1339 4652 incertum
1359 4608 1410 4652 est.
1446 4604 1518 4664 Quid

225 4685 487 4737 lamentationibus
505 4683 619 4751 [Moirai
637 4683 735 4751 Grutii]
758 4684 815 4734 illis
839 4692 887 4736 aut
911 4687 1032 4751 ineptius
1057 4692 1106 4756 apt
1129 4687 1295 4735 inamoenius
1313 4692 1362 4735 aut
1379 4687 1519 4737 indoctius

226 4776 274 4822 aut
291 4770 475 4821 virulentias?
498 4769 625 4834 Optarim
650 4786 702 4835 ego
726 4769 912 4820 clarissimum
929 4771 1117 4829 llermannum
1141 4786 1157 4819 a
1175 4770 1254 4819 Nova
1277 4769 1371 4833 aquila
1390 4772 1518 4821 comitem

225 4874 241 4907 a
258 4856 364 4906 talibus
382 4856 518 4921 portentis
538 4856 682 4905 continere
701 4869 819 4920 ungues,
840 4855 913 4905 unda
932 4860 1033 4920 praetor
1050 4861 1157 4920 pestem
1176 4871 1209 4904 ae
1227 4868 1278 4919 pus
1290 4852 1360 4903 nihil
1374 4859 1458 4917 apricat
1471 4870 1518 4904 au·

225 4942 301 4992 ferri.
338 4956 401 4991 cum
424 4938 534 5005 populis
556 4954 601 4989 res
625 4943 668 4989 cat
693 4941 719 4989 ei
743 4940 789 5004 qui
814 4955 874 4990 curn
892 4940 1124 5006 praedicatoribus
1143 4937 1333 5004 belligeratur.
1368 4938 1517 5000 Lystrium,

225 5026 247 5075 si
265 5040 361 5076 verum
381 5031 425 5075 est
443 5024 515 5089 qnod
533 5039 644 5087 narras,
665 5025 706 5074 sic
726 5025 862 5089 ineptissc
880 5024 997 5075 moleste
1010 5025 1083 5075 fero:
1103 5025 1239 5075 hominem
1252 5022 1343 5073 literis
1356 5022 1517 5088 obiurgabq

225 5108 291 5160 licet
309 5109 339 5160 id
356 5110 414 5159 iam
432 5124 494 5159 sero
514 5108 652 5169 facturus,
678 5109 701 5157 si
720 5106 793 5157 liber
816 5114 859 5158 cst
877 5110 986 5159 aditus.
1024 5112 1100 5159 Bene
1123 5109 1201 5170 vale,
1226 5108 1386 5158 doctissime
1404 5107 1517 5158 Buschi.

225 5194 344 5244 Lovanii
357 5194 405 5243 lx.
420 5192 623 5243 calculantes.
643 5192 722 5242 Auno
734 5192 837 5243 domini
849 5195 885 5243 M.
899 5195 934 5243 i).
949 5195 1050 5244 XVIII.
1065 5193 1181 5255 (Erasini
1193 5192 1261 5257 ΕΜ).
1278 5192 1350 5241 1521.
1361 5193 1408 5254 fol.
1422 5210 1448 5259 p.
1458 5191 1517 5243 218.

225 5281 286 5329 etin
298 5281 357 5328 aliia
370 5278 473 5327 Ermm.
488 5295 546 5343 epp.
561 5277 771 5341 collectionibus.)
824 5276 1004 5343 ‘questam
1058 5279 1078 5311 ¹⁹
1097 5277 1327 5328 Francclordium
1339 5277 1374 5326 B.
1421 5278 1519 5341 Meyer

226 5367 298 5414 6...8.
354 5363 387 5412 In
405 5379 485 5427 marp.
505 5364 605 5412 Petrus
620 5359 624 5424 Ι
640 5358 987 5426 ΜεγοτΙίηᾱοοιίεΓείιηιιε
1005 5364 1125 5414 bobctl).
1178 5362 1197 5394 ²¹
1216 5361 1516 5412 BartholomousA.B.

225 5448 246 5480 ²⁸
268 5443 378 5514 Quanc‘q
393 5449 425 5497 Ι).
496 5445 620 5497 feliciter
639 5440 715 5495 5...a.'
785 5446 868 5496 caedit
886 5448 966 5498 Aen.
1038 5448 1060 5481 ²⁷
1083 5448 1200 5514 pleebem
1213 5448 1245 5495 Ι).
1316 5446 1338 5479 ²⁸
1361 5450 1517 5512 penest&

225 5548 303 5598 prone
315 5532 352 5584 B.
406 5528 465 5563 ²2³⁰
481 5530 660 5582 lineamentis
673 5533 745 5582 5...s.
901 5523 904 5529 ¹
