3625 7050
265 1195 338 1266 432
422 1208 515 1258 CCVI.
533 1222 658 1258 55555555
671 1221 808 1259 55555555
821 1223 859 1258 nn
872 1223 985 1259 55555555
998 1223 1099 1258 erotus
1114 1223 1139 1258 x.
1153 1210 1283 1259 sxsvur's
1296 1223 1323 1258 5.
1340 1217 1401 1258 1555.

264 1379 392 1441 bdelium
421 1384 548 1446 mentes,
578 1395 615 1437 ne
642 1378 755 1437 veritati
782 1377 929 1439 obediant.
973 1377 1047 1438 Nam
1076 1377 1145 1455 quid
1175 1380 1292 1438 conaris
1318 1387 1380 1438 tam
1407 1378 1558 1438 manifestis

264 1483 320 1541 tuis
343 1480 456 1557 llagitiis
478 1479 548 1537 boni
570 1479 698 1555 speciem
720 1478 877 1547 inducere,
907 1497 974 1538 cum
997 1481 1123 1556 possim,
1146 1481 1170 1538 si
1193 1483 1222 1539 in
1247 1481 1497 1540 concertationem
1519 1497 1557 1537 me

237 1583 452 1660 perduxeris,
477 1598 567 1639 unum
590 1580 619 1638 in
635 1581 791 1639 Germania
814 1582 984 1657 episcopum
1007 1582 1163 1640 ostendere
1185 1581 1339 1649 omnibus,
1363 1601 1379 1639 a
1403 1581 1558 1658 51555155

205 1683 370 1746 §.strande
393 1682 537 1742 5515551511
560 1687 663 1760 quater
685 1682 817 1756 sexagies
839 1680 918 1741 mille
941 1682 1064 1741 aureos?
1096 1681 1148 1741 Est
1170 1682 1227 1740 boc
1248 1682 1375 1742 tondere
1398 1683 1486 1741 55551
1518 1688 1559 1739 aut

264 1783 403 1861 spelunca
427 1783 574 1842 latronum
597 1782 672 1841 lacta
695 1788 739 1841 551
762 1782 866 1865 domus
889 1782 1019 1841 domini?
1049 1781 1181 1841 Tandem
1200 1783 1411 1859 cupiditatibus
1434 1784 1492 1841 tuis
1513 1781 1575 1840 obs

197 1924 207 1934 κ
264 1887 348 1953 51515,
372 1891 459 1961 atque
481 1885 565 1942 istam
588 1889 720 1958 tempera
744 1885 933 1959 rapacitatem
955 1889 1052 1950 tuam,
1076 1883 1226 1943 conlidens
1248 1885 1276 1942 in
1300 1884 1400 1943 rerbis
1421 1883 1557 1942 5555515511

264 2005 298 2046 55
321 1985 421 2045 (licens
443 1983 560 2043 cottidie
584 1982 749 2059 ‘Templum
772 1984 896 2051 domini,
926 1983 1067 2061 templum
1091 1983 1208 2063 domini
1233 1991 1262 2044 51
1285 1985 1370 2054 1155,
1395 1983 1472 2062 pax',
1500 2001 1558 2042 cnm

266 2105 324 2146 nou
347 2088 384 2146 sit
405 2102 472 2162 pax.
517 2084 591 2144 Nam
614 2091 646 2143 nt
669 2083 820 2144 bominum
843 2102 936 2162 genus
958 2083 1056 2152 fallas,
1080 2085 1125 2144 1515
1140 2084 1292 2145 fraudibus
1308 2104 1368 2144 5555
1384 2094 1470 2162 potes
1487 2083 1557 2143 illum

206 2206 250 2256 §.e
266 2187 356 2247 latere
379 2186 511 2247 cordium
535 2191 744 2254 scrutatorem,
768 2185 861 2264 qualis
883 2187 931 2245 sis.
976 2185 1143 2246 1155555515
1166 2205 1235 2245 5555
1258 2185 1365 2263 flagelli
1389 2185 1557 2249 inundantis.

263 2289 314 2349 ubi
335 2287 483 2355 transibit,
513 2305 549 2346 ne
571 2287 666 2345 tertiat
688 2304 777 2363 snper
799 2294 827 2346 te
857 2294 887 2346 51
913 2285 1161 2364 psendecclesiam
1188 2288 1271 2346 istam
1301 2294 1384 2347 tuam
1414 2294 1583 2364 totamqnett

203 2408 247 2457 cr.
264 2389 355 2451 semel
378 2387 531 2449 conculcet
552 2389 747 2465 pessimorum
770 2387 870 2447 llomae
891 2388 1044 2449 bominum
1068 2387 1230 2448 colluviem.
1276 2386 1353 2457 Quid
1369 2389 1451 2448 enim
1466 2387 1556 2446 ltoma

263 2493 354 2552 hebes
376 2498 484 2570 praeter
511 2490 655 2548 iulinitum
683 2470 767 2548 illum
789 2491 970 2549 musicorum
993 2499 1113 2551 tuorum
1136 2497 1164 2549 et
1186 2490 1409 2549 adsentatorum
1433 2506 1554 2565 gregem,

262 2595 317 2653 nisi
340 2611 438 2653 moros
461 2593 557 2659 15555,
580 2608 679 2649 meros
701 2590 890 2666 impostores,
915 2591 1114 2660 fraudatorem
1132 2591 1288 2676 praedones
1304 2600 1355 2651 ant
1370 2589 1457 2650 aliter
1473 2588 1555 2649 malos

262 2695 411 2762 bomines;
448 2694 497 2771 qui
518 2693 600 2770 quasi
622 2707 751 2767 aucupes
773 2699 886 2768 ponunt
909 2691 1030 2771 laqueos
1053 2700 1092 2752 et·
1102 2693 1221 2769 pedicas
1243 2693 1279 2752 ad
1303 2691 1480 2771 capiendum
1502 2697 1553 2750 cot-

207 2796 332 2857 cotidie
354 2795 422 2854 15155
445 2792 571 2871 aliquid?
600 2792 721 2851 Parcius
743 2800 885 2870 praeterea
907 2792 1018 2853 lacesso
1039 2788 1374 2861 veritatis'adsertores,
1397 2790 1580 2853 seuuemo

262 2896 340 2956 ultro
362 2894 413 2955 tibi
437 2893 588 2954 concilies!
625 2893 685 2952 lam
714 2893 771 2951 boc
800 2895 877 2953 enim
906 2892 1033 2954 clamant
1061 2913 1128 2954 cum
1157 2895 1300 2972 propheta
1331 2896 1441 2971 passim
1470 2890 1552 2957 multi.

264 2998 346 3068 ‘Ouia
369 2996 482 3055 corruit
504 2997 533 3054 in
556 2993 659 3072 plateis
681 2996 802 3062 veritas,
827 3003 856 3054 51
878 2996 999 3073 aequitas
1020 3013 1080 3054 non
1102 2997 1197 3074 potuit
1218 2995 1349 3073 ingredi;
1380 3002 1409 3055 et
1428 2994 1501 3053 lacta
1515 2999 1553 3052 est

205 3107 251 3158 §.e
263 3099 378 3158 ‘veritas
400 3099 428 3156 iu
452 3095 640 3163 oblivionem,
665 3103 692 3153 et
715 3098 764 3173 qui
787 3098 909 3156 recessit
930 3113 946 3153 a
969 3095 1061 3165 malo,
1085 3096 1191 3172 praedae
1207 3097 1317 3173 patuit'.
1349 3097 1449 3167 Quare
1464 3112 1552 3154 merim

262 3208 306 3260 est
329 3198 497 3267 consilium,
521 3215 558 3256 ne
580 3212 710 3274 unquam
733 3198 760 3254 15
784 3204 914 3257 mentem
936 3198 1033 3255 veniat
1054 3196 1122 3264 tibi,
1146 3196 1269 3257 ulterius
1291 3198 1431 3275 persequi
1454 3195 1550 3256 1551155-

261 3318 329 3361 rum
352 3320 418 3361 cum
441 3300 475 3358 iis
497 3315 555 3358 nna
577 3314 651 3374 quos
673 3295 720 3356 ille
743 3298 907 3356 commorit.
953 3297 1054 3375 plures
1076 3305 1144 3358 sunt
1167 3300 1243 3357 enim
1270 3316 1359 3376 qnam
1387 3305 1422 3357 ut
1444 3295 1576 3357 5511115111

193 3401 306 3464 555551
329 3400 379 3461 5111
402 3402 539 3478 episcopo
563 3398 648 3457 liceat
668 3405 782 3457 tautum
805 3401 983 3468 animarum,
1008 3401 1031 3458 si
1046 3401 1163 3476 possitis
1178 3401 1280 3466 etiam,
1304 3399 1442 3477 perdere.
1476 3397 1551 3455 l'ides

262 3505 319 3564 iam
349 3510 415 3563 aute
442 3501 626 3562 mussitatum
649 3517 713 3559 esse
736 3501 843 3578 passim
867 3508 969 3560 contra
991 3508 1035 3570 te,
1064 3500 1142 3579 qnod
1164 3507 1224 3559 tam
1246 3497 1348 3561 leviter
1372 3510 1400 3561 51
1423 3498 1499 3561 nulla
1519 3497 1550 3557 de

262 3623 363 3664 caussa
387 3605 462 3664 istud
484 3611 566 3663 tuum
591 3600 701 3662 tulmen
723 3601 868 3662 iaculeris.
913 3602 990 3680 quod
1014 3620 1073 3661 nou
1096 3602 1288 3680 consederas,
1317 3604 1342 3660 si
1362 3604 1399 3661 ,155
1430 3608 1549 3661 contem·

191 3720 251 3770 tu.
261 3714 344 3784 ptum
366 3705 522 3784 aliquando
545 3704 671 3770 venerit,
706 3710 847 3781 quantum
876 3702 1042 3763 ollendiculi
1068 3702 1155 3780 vulgo
1183 3703 1347 3780 pariturum
1375 3704 1423 3762 sit.
1468 3702 1548 3779 lgitur

258 3826 430 3867 mansuesce
452 3814 481 3866 et
503 3806 630 3866 caritatis
652 3822 711 3863 uon
734 3805 808 3864 tlctae
831 3804 923 3875 illius,
952 3804 1003 3864 sed
1027 3803 1198 3864 Christianae
1224 3812 1252 3863 et
1274 3823 1406 3884 syncera
1430 3803 1571 3863 officiens

258 3910 320 3979 lac;
358 3908 462 3970 exhibe
484 3917 512 3968 te
536 3907 660 3967 turmam
685 3899 769 3965 nobis
797 3906 832 3965 ad
862 3906 1047 3975 imitandum,
1078 3924 1113 3964 ac
1140 3904 1210 3965 illud
1240 3924 1328 3974 cura,
1359 3923 1421 3964 non
1450 3912 1481 3964 nt
1506 3920 1548 3963 ex·

258 4010 365 4088 plearis
388 4018 433 4078 tu,
457 4009 507 4069 sed
531 4017 563 4068 nt
586 4027 639 4067 55555
662 4025 826 4084 pascamur.
864 4007 949 4077 Quod
971 4007 1022 4067 ubi
1044 4006 1224 4076 decreveris,
1248 4014 1311 4066 turn
1334 4008 1456 4066 scientia
1477 4012 1547 4083 post·

258 4111 313 4171 bac
341 4128 428 4188 pasce
457 4129 510 4169 nos
539 4118 567 4170 et
595 4110 742 4177 doctrina,
771 4128 830 4167 non
853 4107 955 4169 bullis:
993 4110 1051 4168 iam
1073 4117 1230 4187 pertaesum
1260 4115 1305 4167 est
1332 4108 1442 4168 barum
1470 4107 1546 4167 enim.

190 4225 248 4275 tn.
259 4211 456 4289 indulgentias
484 4231 553 4271 vero
583 4219 647 4271 tuas
674 4228 864 4297 nauseamos,
894 4219 926 4270 nt
953 4229 1036 4290 aque
1064 4209 1143 4269 nibil.
1189 4209 1348 4269 Pontifirie
1377 4210 1463 4270 dotes
1489 4214 1547 4266 sum

259 4313 414 4389 sapientia,
437 4314 563 4390 puritas,
593 4300 710 4372 castilas'
734 4319 763 4372 et
785 4330 885 4372 rerum
907 4313 1038 4371 omnium
1061 4319 1259 4388 contemptus:
1291 4311 1346 4372 bas
1367 4310 1568 4389 amplectere.»

258 4414 300 4472 sic
328 4414 404 4473 enim
433 4413 497 4482 1551,
526 4421 559 4472 51
587 4411 663 4473 55151
691 4420 719 4473 15
749 4414 920 4482 Germania,
951 4432 1018 4473 cum
1041 4431 1140 4472 amare
1162 4412 1281 4481 viderit,
1313 4430 1373 4472 non
1397 4416 1545 4489 oppugnet

243 4514 307 4574 'nbi
335 4523 450 4574 terrere
477 4516 665 4591 persenserit.
711 4514 795 4574 decet
825 4521 923 4575 autem
952 4513 1154 4574 benevolentia
1181 4514 1298 4573 vincere
1328 4520 1357 4573 te
1381 4530 1498 4578 omnes,
1524 4509 1545 4567 51

257 4636 363 4695 «eogere
380 4617 535 4676 neminem.
575 4615 644 4676 llaec
666 4615 774 4682 libere,
798 4615 848 4675 sed
865 4634 947 4685 rere,
971 4622 1003 4674 ut
1025 4621 1054 4675 51
1076 4633 1124 4675 555
1146 4620 1214 4674 5551
1236 4622 1265 4675 51
1286 4622 1425 4693 tempora
1449 4616 1543 4674 lerunt.

256 4718 339 4789 Vale,
367 4738 402 4779 ex
425 4719 591 4778 Germania.

622 4820 833 4862 5555555555
857 4819 999 4861 5555555
1022 4821 1132 4862 nosen
1551 4830 1568 4869 5

731 4908 771 4946 nr
795 4905 1007 4947 rnoncmuvs

659 4991 679 5029 A
701 4991 797 5032 NOBIS
820 4990 923 5031 IVGVM
944 4990 1096 5031 IPSORVM.

254 5042 455 5053 ————-

305 5108 471 5159 ί55555153.
519 5104 695 5171 ’1155151153
745 5106 987 5171 quumetsieinsra
999 5109 1072 5155 1...6.
1120 5102 1545 5155 “·1Ι55555.1”]1.1.1”Ι.111111.

257 5194 295 5243 ll.
349 5194 545 5258 75551151156.
599 5191 841 5241 lscruatoremt.
895 5190 959 5255 flag.
979 5189 1028 5256 iu]
1048 5190 1092 5241 01.
1111 5190 1177 5239 lsai.
1198 5188 1294 5254 proph.
1314 5188 1445 5239 XXVIII.
1460 5188 1497 5236 15.
1512 5185 1545 5235 ts.

255 5269 1545 5344 ”ς555555551.’1155551131οὰ’1Ρ551155315555551’1555515151155515111

256 5342 823 5430 151518555555.’1555551555
869 5358 1060 5409 1355555536.
1103 5358 1312 5410 consideras&
1316 5361 1352 5407 ,6.
1401 5357 1546 5408 ἥ51555115·

254 5451 336 5499 1153.
389 5450 560 5500 5155555553..
565 5451 601 5497 ..6
653 5445 885 5512 ²⁸pertesumt..
890 5448 927 5495 ,3.
980 5444 1002 5477 ²⁰
1020 5444 1135 5495 55115111.
1187 5442 1366 5495 ¹⁴11..stss
1386 5446 1448 5495 5533.
1467 5444 1521 5491 6.6.
