3625 7050
318 1191 390 1266 310
482 1206 562 1257 CXL.
582 1221 664 1257 cruri
679 1221 795 1256 ursinus
810 1221 846 1255 su
859 1220 975 1255 usuris.
989 1222 1141 1259 urrunnun
1153 1223 1197 1258 ar.
1215 1223 1242 1258 u.
1258 1215 1289 1258 tu.
1305 1223 1366 1260 ocr.
1382 1213 1441 1258 tait.

318 1384 382 1460 quid
406 1381 468 1440 mali
490 1381 624 1458 capitibus
646 1382 749 1439 nostris
771 1397 971 1439 accerseremus
994 1399 1044 1456 per
1066 1383 1277 1457 imprudenciam
1299 1384 1333 1441 iis
1355 1383 1424 1442 locis
1440 1380 1540 1457 quibus
1559 1381 1689 1457 itu-*g

318 1468 443 1527 midabile
466 1481 508 1525 cst
531 1469 674 1543 imperium
696 1468 882 1525 sacerdotum:
913 1485 976 1524 uam
998 1467 1059 1524 loco
1082 1468 1274 1526 hereticorum
1290 1469 1426 1526 habentur
1441 1468 1488 1541 qui
1504 1467 1687 1549 Eheu-2

321 1563 383 1610 tuos
404 1552 513 1610 libellos
535 1554 665 1628 probunt,
689 1561 717 1611 et
740 1553 785 1627 qui
810 1555 972 1628 important,
995 1553 1105 1627 capitali
1128 1554 1250 1628 periculo
1272 1555 1437 1628 important:
1468 1553 1684 1634 impacier

320 1646 362 1696 est
385 1640 456 1695 enim
479 1640 595 1702 llhoma,
626 1639 752 1713 superbia
776 1656 884 1713 semper
906 1638 1099 1700 formidulosa,
1127 1656 1161 1695 ue
1185 1641 1249 1713 quid
1270 1640 1371 1696 veritas
1399 1639 1492 1694 demat
1519 1655 1679 1723 eorfflm

264 1719 381 1796 lique
403 1741 453 1797 per
476 1724 644 1800 tyrannidem
668 1732 843 1798 occupantur.
888 1724 1003 1797 Cognita
1025 1724 1213 1797 disputacione
1241 1734 1287 1780 tua
1315 1725 1361 1798 qui
1389 1720 1519 1779 volebant
1547 1722 1630 1789 iuQ
1652 1765 1689 1808 m

320 1807 476 1882 Theologos
505 1809 669 1883 prudencius
699 1809 830 1870 iinlicare,
860 1808 1032 1864 disserebant
1058 1809 1140 1865 corde
1168 1827 1229 1867 esse
1257 1819 1360 1870 tecum,
1390 1825 1440 1864 ore
1461 1807 1576 1862 disseuti

320 1910 375 1948 non
398 1903 453 1950 taur
477 1894 549 1967 quod
564 1893 703 1950 Pontificis
720 1894 778 1966 rim
801 1893 995 1955 formidarent,
1019 1911 1099 1967 quarn
1116 1896 1189 1967 quod
1205 1894 1278 1950 illius
1296 1893 1429 1949 diminuta
1453 1892 1659 1975 auctoritffle

263 1974 309 2025 Μ
319 1986 407 2034 status
423 1979 582 2035 Christianae
604 1978 760 2052 reipublicae
783 1977 1000 2053 perturbaretur.
1038 1996 1099 2050 quae
1120 1980 1256 2036 sententia
1280 1996 1359 2052 quam
1382 1976 1470 2051 proba
1493 1976 1542 2036 sit,
1565 1977 1651 2065 ip„-

319 2061 448 2119 viderint:
486 2081 538 2137 ego
567 2064 606 2120 sic
640 2064 779 2126 existimo,
813 2063 993 2119 Christianam
1020 2063 1180 2136 religionem
1209 2081 1264 2119 non
1292 2079 1374 2136 egere
1402 2062 1481 2122 luco,
1512 2077 1544 2115 ae
1586 2087 1642 2149 qm·

321 2145 401 2204 aliter
424 2165 472 2205 ore
495 2165 575 2221 quam
597 2149 680 2205 corde
703 2148 801 2210 sentit,
825 2166 886 2204 euru
910 2165 964 2202 uon
987 2164 1048 2203 esse
1071 2148 1170 2204 Christi
1192 2146 1369 2221 discipulum,
1391 2146 1470 2204 cuius
1493 2145 1652 2221 doctr-imp

263 2232 309 2284 §.lt
319 2233 449 2306 praecepit
471 2231 521 2289 ‘Sit
543 2249 632 2288 sermo
656 2241 745 2289 vester
759 2231 819 2296 list,
842 2240 896 2294 est,
920 2233 993 2294 Nou,
1017 2234 1089 2288 uon'.
1134 2251 1187 2306 qua
1210 2233 1345 2289 sententia
1369 2233 1392 2287 si
1421 2247 1501 2304 aeque
1526 2238 1619 2298 etech.

320 2326 381 2373 sent
396 2316 529 2391 Theologi
551 2317 734 2380 recenciorcs,
757 2317 837 2374 iidem
858 2318 1043 2391 disputatores
1059 2334 1090 2375 ae
1105 2318 1132 2372 iu
1148 2317 1330 2374 Aristotelicis
1344 2315 1462 2372 decretis
1480 2313 1522 2370 rel
1537 2329 1611 2380 acuet

321 2401 406 2465 muri,
439 2420 494 2458 non
521 2419 553 2459 eo
581 2411 690 2458 ventum
718 2411 805 2466 esset,
840 2411 869 2458 ut
895 2419 1058 2476 cogeremur
1084 2401 1146 2476 plus
1174 2401 1286 2458 obedire
1313 2400 1454 2457 Pontificis
1483 2397 1604 2461 voluntati

248 2486 353 2552 satuti.
371 2479 471 2567 {quam
486 2486 587 2543 Christi
602 2487 761 2561 preceptis,
778 2503 866 2560 neque
883 2496 912 2543 tu
932 2486 936 2559 Ι
957 2488 1045 2543 intua
1061 2487 1248 2543 controuersia
1263 2496 1368 2543 tantum
1385 2501 1526 2558 gravarere
1540 2484 1596 2541 illius

283 2628 292 2638 ,
320 2572 496 2645 auctoritate,
525 2588 614 2645 neque
641 2572 743 2628 lthoma
772 2573 839 2628 adeo
868 2580 1000 2628 mutasset
1027 2571 1105 2628 fidem
1132 2571 1296 2629 Catholicam
1324 2573 1352 2626 in
1380 2569 1461 2625 aliam
1488 2568 1613 2628 formano

321 2656 367 2714 sed
390 2656 477 2720 illius,
507 2656 553 2729 qui
575 2674 636 2712 cum
658 2657 695 2712 sit
715 2657 813 2719 homo,
842 2656 948 2713 divinos
971 2656 1090 2713 honores
1113 2657 1147 2713 ab
1169 2654 1386 2713 assentatoribus
1409 2653 1461 2710 sibi
1482 2652 1589 2727 permittit

321 2741 454 2816 impendi,
483 2748 639 2814 contempta
660 2742 719 2797 eius
742 2741 843 2804 lorma,
874 2741 921 2815 qui
948 2741 1014 2797 deus
1043 2758 1103 2797 cunr
1130 2750 1216 2804 esset.
1245 2758 1306 2797 sese
1333 2738 1479 2796 exinanivit
1504 2743 1587 2808 accepta

251 2826 408 2883 §.renorma
433 2825 512 2883 servi.
567 2825 722 2904 Communis
750 2843 800 2882 von
828 2833 871 2882 est
904 2826 1015 2881 llbomoe
1042 2827 1126 2882 eciam
1153 2843 1248 2882 eorum
1278 2825 1325 2899 qui
1358 2840 1455 2898 sapere
1482 2821 1585 2878 ridentur.

318 2910 386 2967 illud
409 2928 464 2966 uon
486 2928 559 2973 esse,
583 2927 639 2985 non
662 2901 743 2984 posse
757 2910 1018 2966 Christianissimum
1034 2912 1107 2984 quod
1122 2910 1245 2967 Pontifici
1269 2909 1387 2966 maximo
1409 2908 1494 2963 risum
1515 2903 1586 2962 luerltt

320 2996 402 3052 immo
425 2995 448 3052 si
470 3004 579 3052 centum
601 2995 714 3057 Paulos,
743 2995 826 3051 inuno
850 3003 935 3050 totam
958 2995 1121 3069 scripturam
1144 2995 1270 3057 obiicias,
1299 3012 1361 3051 cum
1384 2993 1421 3048 sit
1448 2990 1492 3047 ille
1511 2984 1607 3057 murita

314 3080 456 3144 ‘Vicarius,
479 3079 574 3136 ducem
596 3080 698 3136 habens
721 3089 843 3137 sanctum
866 3080 992 3153 spiritum
1016 3097 1070 3152 quo
1093 3089 1219 3153 regatur:
1248 3087 1393 3136 versantur
1411 3077 1481 3133 enim
1499 3075 1586 3129 incon

324 3164 399 3223 muni
421 3183 473 3221 usu
494 3163 548 3221 loci
571 3165 679 3238 quidam
702 3182 733 3221 en
756 3165 891 3238 scriptura
915 3163 983 3220 male
1006 3164 1151 3227 intellecti,
1180 3164 1279 3238 quibus
1302 3180 1351 3220 ora
1372 3157 1586 3220 contradicentium

254 3255 340 3308 §.lte
361 3250 478 3324 vestigio
502 3248 630 3306 obturare
652 3257 794 3306 conantur.
839 3249 908 3317 Quid
930 3249 1015 3322 igitur
1038 3249 1117 3306 faciet
1138 3247 1291 3324 disputacio
1314 3256 1375 3311 tua,
1399 3263 1477 3321 qssem
1497 3244 1587 3300 lnretuu

324 3333 404 3392 nobis
427 3335 541 3391 allerent
563 3352 645 3391 sacrae
668 3333 755 3390 litera}
777 3334 876 3390 amissa
898 3334 1078 3390 airctoritate‘?
1111 3352 1207 3408 nempe
1229 3333 1335 3390 nullum
1358 3332 1411 3389 nisi
1433 3329 1586 3405 principes

322 3419 445 3494 episcopi
467 3419 587 3475 sanctius
610 3418 709 3475 ducent
732 3419 812 3496 verba
834 3419 877 3475 dei
899 3419 1059 3481 defendere,
1083 3437 1163 3492 quam
1185 3421 1238 3475 vim
1260 3419 1320 3475 auri
1342 3417 1478 3475 effundere
1498 3428 1539 3488 pro
1555 3413 1608 3464 totu

323 3502 428 3581 palliis,
451 3503 645 3579 indulgeneiis,
669 3502 765 3567 bullis,
789 3503 884 3578 nugis,
908 3504 1011 3578 gerris,
1041 3522 1096 3578 quo
1119 3504 1205 3561 sancti
1226 3512 1320 3579 patres
1342 3520 1391 3560 sua
1413 3508 1500 3558 scorta
1518 3504 1540 3554 et
1555 3509 1586 3566 ct·

255 3590 416 3647 tenedos
439 3589 520 3646 alant.
565 3589 782 3663 Reprehendeuti
812 3589 876 3644 mihi
907 3588 1069 3662 quandoque
1097 3608 1188 3647 eoram
1217 3590 1334 3663 quodam
1363 3587 1493 3661 magistro
1516 3587 1586 3638 nostru

321 3674 496 3731 Dominicista
518 3673 689 3731 immodicam
711 3673 850 3731 licenciam
866 3673 1031 3730 liboruanam
1047 3692 1099 3747 qua
1115 3675 1284 3730 Christianus
1306 3671 1426 3749 populus
1448 3673 1587 3745 premeretur

322 3768 351 3816 et
373 3777 463 3816 mores
486 3758 689 3833 polluerentur,
718 3758 861 3833 respoudit
883 3757 930 3815 ille
953 3758 1011 3814 steri
1035 3759 1125 3814 omnia
1148 3758 1194 3815 illa
1216 3759 1306 3816 divina
1328 3755 1509 3831 providentia,
1527 3758 1550 3805 et
1564 3746 1587 3801 lt

322 3844 366 3901 dei
388 3843 527 3900 voluntate
550 3861 605 3899 uon
628 3860 687 3900 esse
710 3843 911 3916 inquirendum.
955 3843 998 3900 cui
1021 3860 1074 3916 ego
1098 3843 1134 3900 ‘Si
1156 3844 1269 3900 crimina
1291 3843 1355 3899 licet
1384 3841 1451 3897 libet
1471 3834 1609 3895 deleuiue’l

322 3929 411 3985 divina
434 3928 616 4004 providentia,
640 3927 726 3984 multo
750 3928 870 3984 sanctius
892 3926 956 3985 licet
978 3928 1071 3984 eadem
1093 3929 1268 4003 proscindere
1290 3926 1453 3984 auctoritate
1468 3922 1589 3994 scriptus.

324 4012 415 4087 gladio
438 4013 567 4086 spiritus,
597 4012 669 4086 quod
692 4020 734 4068 est
756 4012 867 4068 verbum
890 4013 947 4074 dci:
972 4002 1199 4086 ‘quandoquidem
1221 4012 1346 4068 voluntas
1368 4011 1412 4067 dei
1435 4026 1488 4065 non
1508 3999 1591 4062 aliunde

256 4103 274 4154 t.
283 4104 315 4148 ¹³·
323 4098 500 4171 cognoscitur
524 4115 604 4171 quam
626 4115 658 4154 en
680 4097 844 4153 testimoniis
867 4098 1010 4171 scripturae
1033 4115 1187 4171 progressae
1208 4114 1240 4153 es
1256 4114 1304 4153 ore
1326 4094 1469 4151 altissimi'.
1500 4091 1552 4147 llac
1568 4101 1592 4141 eu

323 4182 399 4243 dico,
422 4182 549 4245 llartiue,
573 4190 604 4237 ut
626 4181 762 4254 intelligas
786 4199 866 4255 quam
889 4200 985 4255 parum
1007 4181 1094 4237 valcat
1116 4182 1226 4239 ithumae
1248 4181 1271 4237 si
1293 4181 1394 4238 dixeris
1418 4174 1549 4234 'llirabilia
1566 4180 1594 4226 te

323 4266 451 4322 stimonia
474 4274 534 4328 tua,
563 4266 687 4328 domiue,
718 4266 778 4322 idco
801 4275 921 4323 scrutata
944 4275 986 4322 est
1008 4267 1095 4322 anima
1119 4267 1199 4323 mca':
1233 4284 1266 4322 eo
1290 4266 1362 4322 cuim
1385 4261 1529 4338 impietatis
1547 4258 1620 4332 prob

323 4367 448 4424 gressum
471 4357 526 4411 est,
549 4359 580 4405 ut
604 4350 649 4424 qui
672 4360 783 4408 vticetur
805 4350 893 4407 bouus
916 4350 1085 4407 Christianus
1108 4351 1149 4408 vel
1171 4351 1336 4423 theologus,
1366 4350 1389 4406 is
1412 4356 1530 4405 extremo
1548 4359 1599 4399 con·

323 4441 430 4507 tempto
452 4442 561 4508 spretus
583 4452 643 4490 csse
667 4435 801 4498 videntum
831 4436 877 4509 qui
899 4454 965 4492 vero
988 4434 1122 4491 salutatur
1144 4438 1166 4491 h
1187 4434 1313 4493 cubiculo
1335 4434 1377 4490 vel
1399 4434 1422 4488 Α
1445 4430 1603 4489 meusaPon·

324 4516 418 4581 tilicis,
442 4518 512 4574 idem
534 4518 649 4577 habetur
671 4520 778 4594 gallinae
800 4519 872 4576 lilius
894 4520 976 4583 albam
1005 4529 1035 4576 ut
1050 4520 1175 4577 Pontifex
1198 4521 1225 4575 iu
1247 4520 1382 4593 dignitate
1397 4517 1515 4593 primum
1529 4521 1606 4571 teneat

374 4682 507 4749 ⁸ospitis
519 4686 545 4733 2.
580 4682 737 4751 ‘occupet
752 4688 777 4735 2.
813 4684 1008 4735 tuicebentu.
1044 4682 1247 4749 tsicthiccod.
1284 4683 1306 4717 ¹⁰
1317 4681 1443 4748 Χριστοῦ
1457 4685 1483 4732 2.
1520 4680 1539 4715 ¹¹
1552 4696 1611 4746 pra»

325 4765 396 4835 cep]
410 4769 516 4835 Erang.
525 4784 581 4819 acc.
589 4770 689 4819 Metth.
701 4770 734 4819 V.
741 4770 782 4822 37.
796 4770 927 4835 praecipit
938 4768 985 4819 Sic
997 4768 1091 4820 Sermo
1103 4773 1128 4820 2.
1169 4766 1233 4835 que]
1247 4769 1313 4833 quin
1326 4771 1352 4817 2.
1389 4766 1411 4800 ¹²
1429 4768 1584 4833 disputares
1593 4768 1614 4813 2.

324 4858 350 4904 tn
368 4856 425 4905 cod.
439 4858 468 4905 to
485 4857 686 4920 suprascriptum
704 4862 751 4905 est.
822 4854 943 4904 decretis
962 4853 1087 4917 Syreuaei
1104 4857 1210 4904 mori2.
1281 4849 1302 4884 ¹⁴
1319 4851 1448 4916 Χριστοῦ
1460 4856 1486 4903 2.
1557 4850 1619 4900 1*ἰιι

326 4938 411 4988 aliam
430 4934 500 4989 seim
519 4941 634 4990 formem
652 4941 709 4990 cod.
750 4942 780 4989 in
799 4939 993 4989 autoritatem:
1017 4938 1113 5002 Neque
1131 4940 1160 4988 iu
1179 4939 1264 4989 eliam
1282 4937 1412 4997 formam,
1433 4938 1554 4989 sermm
1571 4937 1619 4995 sui,

325 5008 416 5085 illiue,
437 5024 483 5087 qui
496 5026 522 5073 2.
569 5022 657 5073 ¹“Pro
677 5024 726 5073 sed
742 5027 889 5088 scrdpsen'm
907 5022 1018 5073 scilicet
1062 5019 1083 5053 ¹⁸
1101 5023 1278 5072 sitienter.
1325 5020 1347 5053 ¹¹¹
1365 5021 1458 5073 forma
1476 5023 1624 5075 communis

324 5122 378 5157 vox
390 5109 473 5159 servi.
491 5108 551 5158 Vox
563 5110 589 5157 2.
642 5105 664 5140 ¹⁸
682 5108 910 5159 Christianismus
924 5112 949 5158 2.
1003 5088 1227 5158 Chrr'aiussaeou,
1285 5104 1309 5139 ²⁰
1326 5107 1381 5156 imo
1399 5107 1426 5156 si
1440 5123 1465 5158 c.
1479 5109 1524 5170 1³„
1545 5110 1570 5158 si
1589 5114 1625 5157 te

325 5192 421 5241 tamt.
474 5189 599 5255 Χριστοῦ
610 5192 636 5256 2.
695 5189 716 5224 ²¹
736 5191 855 5258 quidem]
876 5200 946 5258 quutt
968 5193 1026 5242 cod.
1046 5193 1144 5257 colodi
1160 5207 1213 5241 rec.
1227 5207 1292 5244 mon.
1306 5194 1331 5241 in
1344 5208 1427 5255 marg.
1483 5193 1629 5260 enimqui·

215 5316 223 5337 ,
326 5275 389 5351 dam
402 5275 420 5325 i.
435 5291 459 5326 c.
472 5291 523 5326 usu
536 5277 591 5327 loci
605 5277 747 5327 cuiusdam
759 5279 785 5326 2.
837 5274 1047 5329 ”obduraret
1103 5275 1126 5309 ²⁵
1142 5273 1254 5341 ducent]
1275 5278 1413 5327 cureuil.
1468 5275 1492 5310 ²⁸
1512 5280 1631 5345 genist.

365 5358 555 5425 polluerentur
567 5365 592 5411 2.
628 5359 649 5394 ⁸¹
668 5359 736 5411 licet
747 5364 774 5411 2.
815 5359 838 5392 ⁸⁸
856 5359 898 5426 eo]
919 5377 972 5427 ego
984 5363 1010 5410 2.
1051 5357 1391 5427 “ailttoeomadssarp
1405 5362 1550 5415 cuderam
1562 5365 1633 5416 112.

327 5440 400 5492 eet&
445 5443 911 5510 Mirsbuia]Psatm.chI11.teu.
948 5444 1017 5481 Μ
1033 5454 1196 5512 progressus
1214 5447 1240 5496 2.
1287 5444 1311 5478 ⁸⁷
1328 5446 1462 5498 videntur
1480 5451 1510 5502 2.
1555 5450 1634 5504 ecu-

327 5524 420 5576 bieulo
433 5528 460 5575 2.
517 5526 538 5561 ⁸⁸
556 5529 669 5595 gellium
693 5526 753 5595 etc]
777 5530 903 5582 Iuvenel.
923 5528 1141 5581 euertuntur.
