3625 7050
341 1199 390 1270 20
452 1206 460 1211 ’
578 1208 652 1258 vlu.
672 1223 755 1258 enom
770 1222 937 1258 nummum
950 1223 1100 1258 nvrrssnrn
1113 1224 1156 1258 nr.
1169 1224 1196 1259 n.
1221 1217 1242 1261 ³.
1255 1226 1336 1262 raon.
1351 1220 1410 1262 tm.

339 1389 456 1460 amnt,
481 1397 580 1440 omnes
599 1380 653 1439 titi
670 1381 833 1453 plurimum
854 1380 1001 1451 tribuunt,
1030 1396 1130 1439 omnes
1150 1382 1233 1441 inte
1253 1398 1394 1456 mapnam
1414 1399 1496 1458 spem
1512 1399 1642 1458 ponunt,

336 1489 492 1562 proecipae
517 1482 779 1552 archimandrite,
813 1498 939 1556 quarum
966 1484 1151 1541 clementiam
1180 1483 1232 1542 tihi
1251 1501 1309 1558 pro
1334 1488 1453 1544 numine
1479 1486 1640 1544 colendam

338 1585 487 1648 oontendit
502 1591 607 1662 pater,
637 1585 748 1658 quoties
768 1600 858 1642 nares
884 1583 1023 1643 subducit
1048 1592 1077 1644 et
1105 1593 1200 1643 eutem
1227 1601 1286 1644 non
1314 1588 1456 1661 relinquit
1483 1601 1537 1645 sno
1561 1589 1640 1645 ioco.

270 1705 330 1755 sn.
344 1690 428 1762 Quod
447 1704 516 1748 aero
541 1687 616 1745 nihil
640 1688 711 1744 ceris
733 1686 916 1744 tradiderint
934 1686 1079 1760 lanaria,
1107 1703 1192 1760 quem
1214 1688 1337 1760 quidam
1366 1705 1423 1747 non
1447 1692 1520 1747 satis
1540 1691 1642 1762 perite

341 1793 480 1852 Cinaium
502 1790 677 1860 nominauit,
708 1788 795 1846 aeoes
815 1793 846 1845 tu
866 1790 1031 1873 suspicari·
1061 1796 1200 1849 verentur
1218 1792 1426 1864 cirucmspecti
1449 1798 1568 1864 patres,
1600 1806 1662 1847 nes

340 1896 525 1964 illudantur,
547 1893 640 1963 aiunt,
663 1889 714 1948 ubi
734 1897 765 1949 tu
783 1890 873 1963 fidem
896 1892 1075 1962 servareris,
1103 1894 1211 1966 optime
1233 1893 1271 1950 de
1292 1898 1341 1950 tua
1360 1892 1457 1951 studio
1478 1893 1640 1950 literarum

271 1999 289 2048 i·
298 1998 329 2044 ¹²·
339 2000 413 2058 nelle
432 1998 595 2056 consulere.
639 1992 803 2057 Proriteltar
830 1993 936 2051 mede
962 1993 1115 2051 monachis
1128 1990 1305 2054 'decreuisse
1331 1995 1558 2068 supersedere,·'
1577 2009 1639 2050 nan

337 2102 447 2176 parui:
466 2099 650 2175 propositum
670 2098 739 2155 uicit
759 2094 919 2153 verbositas
941 2094 1014 2153 milti
1033 2102 1127 2155 tecum
1146 2098 1342 2170 peculiariter
1363 2097 1532 2154 commnm's.
1564 2110 1641 2166 erpo

243 2263 254 2285 ,
339 2205 432 2276 ipitur
452 2215 533 2259 cesso
554 2213 735 2273 causamque
755 2203 843 2256 totam
866 2195 994 2255 Zonarii
1006 2198 1245 2272 interpretationi
1261 2200 1406 2272 relinquo.
1442 2188 1524 2272 paro
1537 2198 1639 2254 statim

272 2322 331 2373 §.m
341 2305 497 2362 transitum
525 2302 569 2359 ad
588 2302 681 2359 aliam
709 2301 907 2373 questionem.
950 2298 1004 2357 Est
1022 2300 1098 2358 milei
1116 2307 1149 2357 nt
1167 2301 1244 2359 uolo.-
1275 2303 1385 2375 puteris
1409 2307 1440 2358 tu
1461 2299 1508 2358 lois
1531 2298 1639 2368 uminis,
1651 2316 1676 2354 ιο

338 2407 513 2465 conueniens
533 2409 577 2462 est
596 2402 700 2460 iisdem
720 2401 925 2475 respondeam,
947 2416 1004 2474 quo
1019 2403 1147 2474 satisfiat
1161 2403 1247 2461 uerbo
1266 2402 1384 2461 Catonis
1403 2403 1479 2461 ‘Par
1495 2402 1570 2475 pari
1584 2416 1641 2457 re-

335 2506 436 2579 sero';
457 2507 503 2565 uel
522 2511 554 2564 tu
571 2520 686 2578 qnoque
703 2502 761 2575 sac
781 2504 885 2561 simile.
905 2502 960 2561 sed
973 2510 1108 2561 transeat
1124 2506 1213 2576 iocus,
1233 2508 1340 2580 polam
1361 2507 1485 2578 loquar:
1506 2510 1550 2562 est
1564 2502 1644 2560 milri

340 2616 371 2669 ut
392 2611 471 2669 uolo:
494 2623 565 2666 nom
588 2608 650 2664 uolo
672 2605 749 2664 illud
768 2604 849 2678 quod
865 2603 1008 2677 fortuna,
1029 2607 1091 2664 siue
1116 2607 1241 2679 aliquod
1259 2606 1358 2679 satum
1375 2615 1433 2678 est,
1460 2605 1563 2678 offert:
1586 2621 1640 2662 se-

240 2769 242 2773 ,
339 2711 440 2770 cunda
460 2717 490 2769 et
510 2710 638 2768 aduersa
658 2707 840 2779 discrimino,
863 2709 918 2766 ilia
937 2723 956 2765 a
974 2707 1033 2765 diis
1052 2714 1128 2782 peto,
1150 2710 1207 2766 ista
1229 2721 1371 2783 qnantum
1387 2724 1515 2783 possum·
1527 2708 1640 2782 prori-

340 2813 441 2872 dentia
464 2814 536 2879 uito;
556 2809 699 2884 quicquid
718 2824 787 2867 uero
805 2824 918 2883 parum
935 2808 1068 2881 feliciter
1088 2813 1195 2883 euenit,
1224 2814 1295 2885 qnia
1318 2811 1406 2884 sacta
1432 2808 1547 2881 insecta
1566 2809 1678 2879 fieriu

339 2919 499 2988 nequeunt,
525 2914 612 2971 iuxta
629 2905 779 2986 prospera
803 2926 895 2985 pono,
934 2918 962 2969 et
983 2910 1118 2983 sortnnoe
1142 2913 1262 2972 ostendo
1282 2915 1410 2972 medium
1436 2913 1575 2986 dipitnm,
1609 2916 1642 2967 ut

341 3025 438 3091 nuper
458 3016 490 3073 in
508 3016 600 3087 praui
619 3029 706 3085 casu,
728 3028 786 3088 qno
803 3016 862 3072 uita
882 3018 971 3086 atque
983 3012 1092 3085 fatalis
1112 3015 1188 3073 liora
1210 3017 1296 3074 iuxta
1317 3021 1413 3074 erant
1449 3014 1525 3072 audi
1543 3029 1564 3069 a
1580 3011 1640 3070 Zo-

271 3121 429 3186 §.mnario
449 3117 592 3190 fortunas
619 3116 777 3174 nominum.
825 3115 969 3173 Coeterum
996 3105 1024 3174 si
1046 3117 1083 3175 de
1105 3123 1163 3174 tota
1191 3120 1268 3176 serie
1297 3119 1355 3175 mei
1379 3124 1472 3176 status
1493 3117 1566 3188 lieri
1596 3116 1668 3190 uis

338 3222 462 3292 certior,
482 3219 587 3293 pande
607 3235 697 3278 aures
718 3225 748 3277 et
767 3233 882 3276 summa
904 3213 1056 3277 dnntaa'ut
1075 3221 1241 3278 intromitte.
1283 3220 1366 3278 nolui
1385 3222 1496 3277 malam
1514 3233 1640 3275 messem

335 3321 444 3394 saccre
467 3327 495 3381 et
516 3321 655 3392 conficto
675 3322 789 3380 mereri
803 3321 1033 3393 mutitudinem,
1058 3322 1246 3395 quamobrem
1268 3321 1392 3380 discessi
1414 3321 1452 3380 ab
1474 3320 1678 3384 niustriausw

339 3424 495 3499 discipulis
516 3425 676 3498 impetrata
698 3423 866 3481 dimissione
889 3425 1003 3482 nolente
1025 3426 1136 3482 uolente
1154 3429 1244 3497 patre
1270 3431 1299 3483 et
1321 3424 1401 3482 redii
1426 3423 1469 3481 ad
1489 3421 1640 3497 Erplrnr-

340 3526 422 3599 dium
444 3529 474 3585 in
498 3529 676 3589 consortium
698 3526 849 3585 nominum
869 3528 1062 3585 similitudine
1083 3528 1249 3585 studiorum
1270 3529 1408 3601 parium:
1437 3525 1519 3600 quod
1541 3541 1641 3598 penus

339 3629 458 3688 uiuendi
475 3644 529 3702 epo
552 3630 748 3688 arctissimum
769 3630 905 3687 societate
926 3630 1168 3688 iucundissimum
1187 3645 1246 3702 pro
1272 3632 1414 3703 cuiusque
1437 3635 1525 3687 atate
1551 3628 1640 3697 duco,

273 3740 375 3800 §.met
396 3730 519 3790 Marcus
537 3736 634 3805 putat.
687 3731 794 3788 Verum
816 3746 882 3789 curn
905 3731 946 3788 ibi
964 3734 1064 3790 omnia
1090 3732 1309 3790 discordiarum
1334 3734 1440 3805 plena,
1469 3729 1641 3789 discedente
1724 3763 1729 3768 -

336 3834 421 3909 pleae
439 3850 459 3891 a
478 3833 615 3908 patribus
629 3834 804 3906 cottidieque
821 3848 896 3891 naua
912 3836 1055 3905 moliente,
1073 3848 1131 3891 non
1147 3840 1238 3891 tntum
1254 3832 1409 3892 uidebatur
1427 3834 1544 3891 uersari
1559 3834 1676 3899 interm

338 3953 422 3996 enses
449 3942 537 4010 atque
561 3951 622 4009 pro
649 3938 767 3994 ecttamo
790 3933 911 4006 serrnrn
939 3942 1095 4008 tractare,
1120 3936 1253 4011 proinde
1278 3937 1412 3993 semestri
1436 3937 1534 4010 spatio
1553 3936 1642 4020 ‚coepi

338 4041 470 4112 capitare
496 4053 554 4112 quo
578 4040 698 4095 consitio
724 4036 907 4111 subriperem
936 4043 981 4096 me
1005 4038 1252 4097 turbulentissima
1282 4037 1443 4108 Cnarilde,
1468 4038 1639 4111 prasertim
1706 4021 1708 4023 ’

271 4142 400 4210 §.mium
422 4157 454 4197 se
474 4140 637 4197 inclinante
654 4140 778 4211 callepio
799 4138 948 4197 lominum
968 4142 1161 4198 literatorum.
1195 4139 1246 4199 Ita
1270 4156 1383 4199 meatim
1404 4140 1548 4213 capitanii
1569 4137 1639 4196 red·

338 4241 451 4299 duntur
471 4241 567 4297 litera
594 4255 614 4295 a
645 4238 805 4306 luidonis·
835 4240 942 4297 adrolo
963 4242 1062 4299 media
1087 4242 1207 4316 apeme·
1234 4244 1409 4311 advenienti,
1426 4247 1639 4316 proponuntur

337 4342 518 4400 conditiones
538 4341 654 4408 multem·
677 4339 895 4431 displicuerunt
914 4357 1030 4401 omnes:
1051 4359 1124 4417 erpo
1143 4344 1298 4423 rediissem
1319 4345 1349 4403 in
1365 4344 1557 4418 Durinpiam,
1580 4344 1672 4407 nisin

405 4590 416 4624 ⁴
434 4591 603 4641 sarabiam
614 4592 994 4661 ZonnriumChrysopolitnm
1010 4595 1128 4660 (Glirtler
1146 4614 1192 4647 uon
1206 4597 1364 4662 lnpolstadt)
1384 4598 1556 4665 epigramma
1575 4604 1638 4663 post

336 4679 456 4729 Huttoni
467 4678 585 4744 priorem
598 4678 741 4729 Neminem
753 4679 866 4744 legitur.
887 4681 956 4731 Vide
971 4699 997 4747 p.
1005 4682 1046 4732 27.
1101 4680 1233 4747 ‘quidem
1254 4688 1277 4733 t.
1292 4687 1317 4733 2.
1372 4683 1550 4734 “Verendum
1572 4687 1596 4734 1.
1610 4687 1635 4733 2.

336 4764 347 4796 ⁸
367 4769 441 4814 amet
461 4767 483 4813 1.
498 4766 523 4813 2.
538 4762 598 4827 (pro
618 4764 707 4827 aiunt)
778 4765 788 4796 ³
811 4765 877 4815 mihi
897 4771 916 4815 t.
937 4783 963 4831 p.
983 4770 1134 4817 communis
1153 4771 1169 4817 i.
1183 4784 1205 4818 e.
1218 4770 1277 4818 mini
1294 4773 1319 4818 in
1337 4773 1431 4819 litteris
1448 4758 1484 4830 aa
1500 4776 1526 4819 te
1543 4771 1637 4819 dandis

336 4853 444 4901 manime
462 4855 592 4900 consueta.
644 4849 690 4899 ⁹i.
704 4866 727 4899 e.
740 4856 818 4900 tottnn
836 4866 938 4901 cansam
957 4852 1083 4902 Zonarins
1101 4853 1148 4902 tibi
1164 4856 1357 4918 interpretetur.
1415 4853 1433 4885 ¹¹
1455 4854 1564 4904 iisdem.
1584 4855 1636 4905 Ro·

336 4935 495 5003 spondeam,
507 4938 532 4985 1.
560 4934 665 4984 eisdem
683 4936 872 5000 respondeam,
889 4939 915 4985 3.
941 4938 1053 4987 eisdem.
1068 4938 1273 5003 Respondenm,
1294 4944 1319 4989 2.
1334 4942 1359 4989 t.
1418 4938 1441 4972 ²⁰
1459 4940 1636 5004 ingratitudi-

336 5038 400 5073 nem
420 5022 741 5085 &inconcinnarum
761 5021 852 5072 Oratus
866 5027 992 5087 prosola
1008 5026 1150 5087 prationem
1168 5028 1277 5074 dictione
1298 5031 1424 5089 posuerit.
1494 5014 1514 5056 ‘¹
1535 5026 1636 5075 immis-

336 5109 415 5159 sione
435 5110 459 5157 1.
513 5105 533 5139 ¹¹
552 5111 632 5170 patro
645 5105 740 5155 Fredii
754 5106 788 5155 nd
801 5107 994 5173 Euphundium
1015 5111 1038 5157 t.
1058 5115 1137 5173 patre
1150 5110 1245 5159 Fredii
1258 5111 1292 5159 ad
1305 5110 1487 5175 Erphurdinm
1501 5113 1527 5163 2.
1547 5117 1635 5178 patre,

338 5196 367 5242 et
384 5178 455 5243 rodii
474 5191 509 5241 nd
521 5190 704 5256 Erphordium
723 5193 749 5241 3.
768 5198 848 5258 putre
861 5194 932 5242 redii
946 5193 980 5242 ud
993 5195 1175 5260 Erphurdium
1194 5198 1219 5245 t.
1272 5194 1294 5226 ²³
1313 5212 1365 5260 ego
1377 5199 1446 5246 omis.
1462 5199 1488 5246 3.
1547 5197 1570 5230 ¹⁴
1587 5199 1636 5249 ho

337 5292 381 5328 cus
395 5277 540 5332 etMarcus
553 5275 601 5325 irc.
617 5278 732 5338 sortasse
745 5285 881 5342 corruptus
892 5294 940 5328 nee
952 5295 968 5327 a
980 5296 1017 5329 rne
1028 5287 1093 5330 satis
1104 5297 1182 5331 sanas
1191 5285 1279 5346 sactus
1291 5288 1338 5330 est.
1374 5282 1411 5331 Et
1422 5283 1536 5333 Murcus
1548 5289 1634 5351 putat

337 5363 412 5412 Imus
429 5363 498 5411 inin
516 5361 556 5410 ibi
570 5363 595 5411 1.
625 5366 713 5426 putat.
728 5362 852 5412 Vidimus
869 5364 940 5412 inibi
953 5367 1046 5417 nst.
1083 5366 1204 5432 Marcus]
1220 5374 1285 5432 puto
1305 5368 1355 5417 lic.
1375 5368 1502 5419 tnLoeim.
1538 5368 1633 5434 ²⁶quo·

338 5448 462 5512 tidieque
479 5450 505 5496 2.
521 5449 547 5496 3.
561 5451 586 5498 t.
642 5448 781 5497 moliente.
818 5449 1102 5502 Non...·..traetare.
1133 5453 1253 5503 Proinde
1266 5469 1318 5502 ss.
1334 5455 1359 5502 1.
1374 5456 1399 5502 2.
1414 5456 1441 5506 3.
1456 5457 1481 5504 t.
1540 5453 1634 5518 “copi

340 5535 397 5581 t.2.
450 5531 473 5563 ²¹
491 5533 590 5583 oturb.
607 5536 632 5582 3.
647 5549 680 5581 ex
692 5532 764 5584 turb.
779 5536 804 5584 t.
856 5533 880 5566 ¹⁷
897 5534 1043 5599 charybde
1057 5540 1083 5587 3.
1136 5538 1158 5571 ²⁹
1176 5540 1309 5590 Fultlnnis
1329 5542 1354 5589 3.
1407 5539 1429 5572 ²⁰
1447 5542 1540 5593 bieme
1559 5543 1585 5590 3.
