3625 7050
325 1201 372 1270 44
577 1213 675 1262 XXVI.
702 1227 824 1262 nuaram
838 1226 874 1262 an
887 1228 979 1261 racoe.
994 1228 1082 1262 rueras
1095 1229 1137 1262 xre.
1152 1229 1178 1262 o.
1194 1221 1225 1261 13,
1235 1228 1292 1263 xva.
1308 1219 1366 1262 tait.

323 1385 398 1443 dinis
420 1391 562 1460 praeterea
591 1401 658 1442 cum
686 1399 750 1441 esse
773 1381 973 1441 Francoiordii
1002 1380 1081 1441 illurn
1113 1391 1142 1441 et
1170 1382 1255 1443 simul
1278 1383 1456 1460 Capnionem
1486 1401 1520 1441 ac
1542 1380 1611 1440 ller-

324 1503 463 1544 manuum
487 1485 646 1544 Buscbium
670 1482 874 1551 intellexisset,
903 1483 1090 1559 cupidissime
1119 1504 1153 1543 m
1183 1485 1339 1551 coracessit;
1375 1483 1480 1544 accidit
1506 1488 1612 1548 tamen,

324 1594 357 1647 ut
379 1604 437 1646 non
460 1586 572 1646 videret
594 1585 762 1645 Erasmum:
791 1602 857 1643 nam
881 1584 1009 1662 quodie
1032 1585 1229 1654 Socraticum,
1253 1594 1285 1645 ut
1308 1586 1369 1663 ipse
1392 1583 1522 1649 terebat,
1546 1600 1613 1642 con-

322 1689 427 1747 vivium
451 1686 624 1765 apparabat,
654 1694 817 1746 vocaturus*
836 1687 1003 1764 quicunque
1025 1687 1089 1746 istic
1111 1686 1252 1763 politioris
1274 1686 1431 1748 literaturae
1454 1691 1615 1745 assertores

326 1795 437 1858 esseut,
465 1788 570 1848 morbo
599 1787 701 1849 calculi
723 1785 900 1865 praepeditus
924 1796 967 1847 est
993 1796 1021 1847 et
1044 1788 1119 1848 lorte
1140 1789 1273 1866 sequenti
1296 1787 1342 1848 dic
1373 1787 1443 1848 abiit
1465 1787 1635 1858 Erasmuss

256 1891 403 1953 §.auunde
426 1890 496 1949 mibi
518 1891 686 1950 succensuit
707 1896 817 1968 postea,
841 1890 900 1966 qni,
924 1888 1000 1949 illius
1022 1888 1131 1949 abitum
1153 1890 1320 1967 praesciens,
1344 1907 1402 1949 non
1425 1889 1614 1955 monuissem,

326 2010 360 2050 ac
382 1991 580 2069 ‘Dispeream',
603 1992 705 2070 inquit,
729 1991 763 2048 ‘si
778 2007 907 2068 unquam
931 1990 1089 2050 molestior·>
1103 1990 1172 2051 mibi
1195 1989 1325 2051 calculus
1347 1991 1408 2058 luit,
1432 1987 1618 2068 hospitaliter,

256 2102 314 2152 §.tt
326 2100 483 2170 accepturo
506 2111 573 2153 eum
594 2093 705 2160 virum,
725 2091 795 2169 'quo
826 2092 966 2151 maiorem
995 2109 1054 2151 non
1083 2091 1172 2151 babet
1199 2092 1373 2152 Germania)
1416 2091 1496 2151 lntcr
1526 2088 1614 2150 eollo·

325 2194 474 2273 quendum
497 2212 563 2254 cum
586 2192 623 2252 de
645 2191 791 2273 equitibus
812 2192 966 2252 Germanis
988 2210 1154 2252 sermonem
1178 2210 1264 2253 orsus
1291 2193 1400 2252 ‘nostri’
1428 2192 1541 2252 ordinis
1563 2190 1614 2251 bo
1644 2227 1647 2231 -

324 2296 418 2356 mines
439 2296 584 2376 dixissem,
608 2294 750 2355 ‘Utrins‘l’'
772 2295 825 2363 ait,
858 2294 1021 2371 intercepto
1044 2313 1195 2362 sermone,
1230 2295 1383 2372 ‘equestris
1411 2282 1449 2353 an
1476 2291 1648 2352 literariitu

255 2408 392 2458 §.mnam
414 2396 501 2456 huius
523 2402 552 2456 et
573 2395 649 2456 illius
671 2395 792 2456 sumus!
836 2394 1019 2473 Siquemcx
1033 2395 1231 2472 optimatibus,
1254 2397 1304 2473 qui
1317 2395 1417 2455 literas
1431 2413 1492 2453 non
1505 2400 1613 2461 nosset,

324 2496 436 2557 laudari
458 2496 723 2564 animadvertisset,
757 2497 844 2556 liuius
866 2496 958 2556 etatis
980 2514 1044 2556 esse
1066 2496 1178 2566 aiebat,
1211 2515 1308 2575 neque
1338 2497 1416 2557 eninr
1445 2513 1510 2573 quae
1533 2495 1616 2572 prius

255 2607 386 2658 §.macta
407 2604 476 2659 sunt
497 2599 588 2666 scire,
619 2616 717 2675 neque
739 2580 916 2674 posteritatis
937 2598 1080 2657 rationem
1104 2596 1222 2660 habere.
1277 2597 1470 2658 Penestiam
1492 2594 1614 2656 moleste

323 2699 451 2769 terebat,
474 2701 498 2758 si
521 2700 585 2777 quis
607 2718 623 2758 a
645 2700 718 2759 senii
740 2686 946 2776 praedicatione
969 2700 1203 2761 commendasset
1225 2701 1408 2779 quempiam,
1432 2705 1501 2756 ‘tam
1524 2695 1614 2756 breri'

322 2803 456 2879 inquiens
485 2808 628 2877 ‘ternpore
657 2801 753 2860 omnia
775 2800 902 2860 didicitl’
931 2799 1006 2860 Olim
1034 2801 1104 2861 item
1133 2801 1286 2861 iactantius
1316 2819 1350 2861 ea
1371 2817 1405 2859 re
1427 2798 1560 2858 ellerenti
1581 2813 1645 2859 seu

291 2975 294 2980 .
322 2902 438 2964 occidam
459 2900 579 2961 blarcbo
603 2901 692 2978 equiti
715 2901 880 2977 respondit,
904 2901 1031 2962 dirorum
1053 2910 1103 2962 aut
1124 2903 1214 2962 trium
1236 2901 1347 2962 milium
1371 2918 1532 2969 annorum,
1555 2916 1612 2959 non

322 3002 504 3083 septuaginta
526 3007 577 3061 aut
598 3001 762 3078 octuaginta
785 3003 897 3063 senium
921 3020 1122 3079 quaererem,
1146 3003 1182 3062 ad
1205 3002 1355 3063 literarum
1378 3001 1518 3062 beneficia
1542 2984 1624 3061 aliu-¹

254 3115 310 3165 §.aa
323 3103 404 3164 dens.
449 3102 605 3180 Nunquam
621 3118 693 3161 ¹nim
720 3103 796 3163 inter·
824 3103 1014 3180 equitandum
1043 3121 1077 3163 ex
1100 3104 1276 3165 doctissimis
1304 3103 1430 3183 aliquem
1461 3101 1614 3163 autoribus

322 3224 422 3280 secum
453 3203 569 3273 babuit,
602 3222 700 3282 neque
727 3206 789 3264 sine
817 3202 899 3264 libris
926 3204 1031 3263 vidisse
1058 3199 1192 3275 memini,
1226 3205 1349 3266 alterum
1378 3205 1435 3264 boc
1462 3221 1612 3263 armornm

322 3323 415 3384 genus
437 3303 647 3382 appellantem:
676 3306 705 3365 in
728 3304 820 3365 solnta
844 3306 976 3365 oratioue
999 3304 1101 3364 dilexit
1123 3307 1248 3375 bivium,
1279 3325 1315 3367 ex
1336 3306 1431 3383 poetis
1452 3312 1519 3382 post
1542 3304 1644 3364 Ver-n

278 3441 280 3445 .
323 3407 423 3485 gilium
442 3406 560 3467 Lucano
584 3406 672 3467 dabat
693 3424 823 3484 operam,
847 3407 930 3466 euius
952 3424 1054 3466 omnes
1077 3410 1225 3468 orationes
1247 3426 1281 3468 ac
1303 3406 1450 3485 catalogos
1472 3406 1612 3466 memoria

253 3524 311 3575 eu.
324 3507 581 3587 complectebatur.
634 3508 706 3571 Cum
729 3508 846 3588 quidam
869 3527 903 3568 ex
928 3508 1021 3568 doctis
1042 3508 1146 3573 adiens
1166 3508 1247 3570 illum
1270 3515 1382 3578 oraret,
1411 3528 1449 3568 ne
1471 3508 1529 3568 hoc
1551 3526 1611 3568 mo·

253 3627 311 3679 uu,
324 3610 395 3671 leste
417 3611 578 3688 acciperet,
609 3610 755 3671 neminem
778 3611 895 3670 doctum
920 3609 1073 3670 molestum
1096 3609 1150 3670 sibi
1174 3631 1238 3672 esse
1260 3610 1383 3671 dicebat.
1428 3610 1492 3671 Non
1522 3607 1612 3670 semel

323 3713 392 3773 mibi
416 3710 584 3773 familiarius
606 3711 761 3772 conserens
783 3712 876 3771 lassus
900 3719 945 3771 est
966 3712 1117 3788 penitere
1131 3731 1163 3773 se
1192 3713 1278 3791 quod·
1299 3730 1427 3790 rrrrquam
1455 3712 1517 3771 suis
1544 3729 1611 3771 oon-

284 3862 290 3875 .
320 3813 390 3874 siliis
424 3813 585 3874 induxisset
613 3813 792 3874 loacbimum
821 3812 1018 3873 llarclrionem
1047 3814 1083 3873 ad
1113 3815 1319 3875 instituendam
1348 3812 1652 3872 Franoofurdienscra·

321 3918 512 3995 gymnasium,
535 3917 673 3994 quoniam
695 3915 731 3976 ab
754 3915 878 3975 indoctis
900 3914 994 3974 doctis
1015 3915 1175 3992 possideri,
1203 3934 1262 3975 non
1291 3934 1307 3974 a
1330 3915 1433 3975 Graece
1461 3921 1491 3973 ct
1513 3913 1612 3973 latine

252 4018 456 4087 racematus,
489 4025 523 4077 ut
549 4018 618 4096 ipse
638 4018 852 4096 proposuisset,
887 4014 980 4076 excoli
1007 4025 1149 4077 cerneret.
1194 4015 1357 4094 Aliquando
1384 4016 1519 4092 aperiens
1549 4032 1612 4075 ver·

319 4118 407 4178 bosas
429 4119 580 4179 cxxixrsdam
601 4117 782 4195 theologistae
804 4117 839 4177 ad
863 4134 895 4177 se
915 4117 1027 4186 literas,
1050 4116 1126 4178 lecto
1148 4119 1178 4177 in
1200 4115 1372 4178 salutatione
1393 4115 1470 4177 illius
1483 4116 1612 4185 nominc,

321 4220 366 4279 cui
390 4220 569 4296 adscriptum
593 4225 655 4279 erat
677 4229 777 4279 ‘sacrae
799 4217 953 4295 theologiae
975 4218 1097 4288 doctor',
1126 4219 1250 4280 ‘Utinam
1273 4220 1377 4279 doctus
1399 4218 1497 4287 esses’,
1519 4218 1614 4297 inquit

251 4339 254 4344 ’
320 4319 497 4398 dimovitque
518 4318 555 4378 ab
584 4336 630 4388 se,
664 4336 723 4378 non
746 4337 810 4379 esse
838 4319 928 4379 otium
956 4319 1073 4389 dicens,
1108 4327 1140 4382 ut
1167 4320 1314 4399 pellegcre
1343 4321 1435 4397 possit
1462 4318 1652 4381 illiteratasst

253 4429 311 4479 §.tt
322 4418 437 4489 literas,
461 4428 490 4479 et
504 4438 553 4480 eas
569 4428 628 4479 tam
642 4421 823 4497 arroganteis
836 4443 862 4479 .·
878 4419 1007 4498 fugiebat
1029 4422 1106 4482 enim
1128 4423 1301 4499 arrogantia
1324 4422 1501 4500 opinionem,
1525 4429 1612 4501 atque

322 4521 409 4598 igitur
442 4540 457 4580 a
480 4520 594 4582 Caesare
615 4519 810 4581 Maximiliano
837 4530 956 4599 accepta
985 4521 1082 4583 laurea
1110 4521 1251 4584 salutatus
1280 4521 1396 4583 ‘Orator
1424 4530 1453 4581 et
1474 4522 1611 4583 iurecon-

320 4620 422 4682 sultus'
445 4639 504 4681 non
527 4620 622 4682 solum
644 4640 703 4682 non
726 4623 877 4701 usurpavit
898 4624 961 4700 ipse
983 4617 1037 4683 lios
1059 4624 1172 4694 titulos,
1195 4625 1247 4685 sed
1270 4633 1299 4684 et
1322 4625 1429 4684 lactum
1452 4623 1489 4682 ab
1512 4626 1613 4684 amicis

251 4724 378 4784 §.roboc
399 4723 563 4784 accusabat.
601 4721 690 4785 Recte
712 4726 849 4801 pietatem
872 4724 1001 4794 colebat,
1025 4727 1261 4803 superstitionem
1285 4743 1390 4786 exosus
1407 4710 1610 4787 intensissime.

292 4871 296 4878 .
321 4824 408 4886 Forte
434 4826 550 4886 lortxma
577 4825 760 4886 cenantibus
782 4826 866 4886 nobis
889 4827 926 4886 de
949 4826 1036 4886 Croto
1059 4827 1209 4898 liubiano,
1233 4828 1351 4905 quicum
1375 4826 1445 4886 mibi
1468 4846 1484 4886 a
1508 4828 1652 4906 primissa

319 4946 412 5006 usque
434 4929 517 4987 annis
539 4926 721 4988 consuetudo
744 4928 798 4989 luit
827 4927 998 5006 singularis,
1031 4916 1136 4988 incidit'
1159 4948 1274 4997 sermo,
1309 4946 1435 5007 cumque
1464 4928 1505 4988 illi
1536 4930 1611 4989 varie

319 5029 556 5090 commendarem
577 5037 706 5091 veterem
722 5030 848 5090 amicum
865 5037 893 5089 et
913 5029 1051 5089 dixissem
1070 5031 1147 5090 inter
1166 5037 1271 5091 caetera
1293 5029 1444 5108 obliquum
1461 5031 1490 5090 in
1509 5048 1610 5109 super·

386 5273 678 5326 ¹Francot'urdii2.3.
705 5273 1087 5340 Cl.ErasmiSpong.§.377.
1157 5274 1180 5306 ¹⁰
1196 5273 1342 5351 Virgilium
1352 5277 1377 5323 2.
1387 5276 1413 5324 3.
1483 5274 1504 5308 ²¹
1524 5273 1607 5326 etdfl.

316 5358 339 5391 ‘¹¹’
357 5357 776 5410 FrancolurdicnsemSchelam
791 5357 838 5409 3⁸.
890 5358 912 5391 ²⁶
930 5360 1232 5425 possideri‚banenon
1247 5364 1272 5410 3.
1325 5359 1347 5392 ⁹
1365 5362 1479 5420 Doctor,
1497 5363 1607 5422 rectius,

317 5445 420 5507 inquit,
439 5445 536 5495 doetus
555 5460 643 5507 essee,
664 5440 710 5493 3¹¹.
765 5444 787 5475 ³⁰
805 5444 933 5510 perlegat
947 5442 994 5493 3¹¹.
1052 5443 1072 5476 ³¹
1093 5445 1188 5510 lug...
1202 5444 1370 5512 opinionem]
1388 5446 1522 5496 inimicus
1539 5448 1612 5512 enim

319 5533 379 5576 erat
397 5544 464 5589 arr,
485 5529 563 5578 euius
580 5546 622 5594 op.
642 5530 675 5579 de
694 5545 724 5578 ae
743 5529 871 5594 fugiebat
887 5530 986 5579 studio.
1003 5527 1050 5579 3¹¹.
1121 5530 1144 5561 ³⁵
1161 5529 1238 5597 mihi]
1253 5537 1283 5580 nt
1296 5532 1365 5595 seis,
1384 5532 1445 5580 odd.
1461 5528 1510 5579 3¹¹.
