3625 7050
457 1241 580 1294 CXXIX.
599 1258 702 1296 :vnvm
717 1255 838 1293 conam
852 1254 889 1292 tn
901 1256 1084 1293 unanastavn
1097 1260 1139 1294 nn.
1154 1260 1180 1295 n.
1197 1253 1215 1296 1.
1229 1260 1286 1296 1vn.
1302 1252 1360 1296 tata.
1477 1233 1550 1306 277

791 1484 1028 1562 oxxvnn.
1359 1450 1540 1582 *tunsus

1381 1576 1550 1585 ———-

504 1656 650 1718 creta
661 1656 709 1716 rs
729 1658 945 1718 coaonrrs
964 1617 1200 1719 stourasruo
1221 1660 1301 1720 suo

501 1756 535 1809 [=
550 1755 682 1796 IOANNES
695 1754 809 1797 CROTVS
822 1756 979 1798 RthtAttVS
994 1757 1122 1799 VIRICIIO
1138 1758 1303 1814 IH'TTENO?]

864 1829 893 1878 S.
908 1831 940 1878 I).

342 1952 435 2012 Mittis
455 1969 472 2011 e
495 1948 673 2028 Germania,
691 1920 745 2008 ubi
764 1966 844 2008 nune
865 1951 948 2027 opis,
970 1951 1095 2012 subinde
1113 1969 1201 2013 nouos
1215 1954 1343 2032 libellos,
1365 1954 1469 2028 quibus
1484 1953 1550 2013 Ro-

248 2071 376 2116 manam
402 2056 519 2115 curiam
549 2053 671 2128 quidam
698 2053 742 2111 sic
770 2052 1012 2132 depinpunnut
1037 2054 1085 2114 bic
1108 2059 1153 2115 uel
1173 2059 1238 2115 noti
1262 2060 1307 2116 uel
1332 2057 1481 2116 dubitasse
1500 2058 1548 2114 ui-

249 2158 399 2234 deontia,
418 2157 475 2217 sed
493 2171 550 2214 nou
571 2170 756 2214 essenorum
776 2154 857 2213 banc
878 2160 1029 2230 querelam
1049 2158 1164 2218 libellus
1182 2159 1301 2219 Nicolai
1318 2160 1355 2218 de
1375 2159 1549 2233 Clemanpis
1590 2178 1592 2181 ·

249 2263 314 2320 iam
335 2262 405 2320 olim
422 2260 476 2318 sub
493 2258 637 2316 Clemente
657 2258 778 2331 septimo
796 2259 981 2333 conscriptus
1003 2265 1135 2318 testatur.
1173 2279 1258 2335 quem
1279 2280 1296 2321 e
1318 2262 1465 2320 Vaticano
1479 2277 1549 2319 mu-

248 2368 367 2422 tuatum
388 2360 559 2420 bibliotheca
582 2358 626 2416 ad
645 2364 672 2417 le
690 2361 770 2417 mitto
791 2375 853 2417 una
872 2376 939 2419 mem
958 2363 1110 2420 uersiculis
1128 2363 1236 2421 ritbmo
1250 2364 1457 2433 constantibus,
1477 2379 1549 2436 quos

225 2481 292 2524 *ex
315 2465 411 2523 altero
437 2463 564 2537 quodam
594 2461 696 2520 codice
723 2461 873 2519 miranda
899 2465 1048 2522 uetustatis
1077 2464 1300 2539 desumpsimus.
1348 2467 1455 2525 Verum
1476 2466 1550 2539 antid

238 2575 342 2642 putas
364 2565 444 2624 bunc
465 2568 596 2623 autorem
619 2561 767 2621 dicturum
786 2561 897 2635 fuisse,
919 2566 947 2622 si
967 2567 1012 2623 uel
1027 2564 1197 2625 Alexandri
1210 2569 1289 2626 secti
1302 2566 1548 2641 Epicureismum‚

249 2671 299 2728 uel
323 2666 399 2726 iulii
418 2666 589 2726 Martialem
616 2666 747 2724 animum
775 2661 918 2724 uidisset?
951 2665 1004 2725 sub
1030 2666 1135 2740 quibus
1161 2671 1250 2727 etiam
1283 2671 1312 2727 in
1346 2672 1548 2743 nepoeiatioue

236 2768 456 2846 prebendaria
478 2770 578 2829 multoe
598 2783 682 2826 noua
703 2767 818 2826 tecbnte
839 2774 968 2841 reperta
989 2769 1114 2826 suntad
1128 2771 1276 2843 pecunias
1292 2771 1547 2845 undiquecorra-
1643 2758 1646 2762 “

250 2871 386 2946 aenam,
414 2876 444 2929 ei
469 2871 507 2929 ab
532 2872 591 2930 illis
619 2875 748 2944 receptae
775 2874 845 2928 sunl
869 2871 1101 2944 approbataque
1125 2873 1220 2945 mapis
1242 2875 1311 2944 fisci
1328 2889 1417 2947 quam
1440 2873 1551 2932 Cbristi

251 2989 317 3034 rem
339 2973 503 3046 apsntibus.
547 2971 658 3046 Nempe
683 2972 764 3046 quod
786 2971 835 3030 bic
861 2972 896 3030 ob
920 2972 1061 3030 bellorum
1089 2979 1222 3047 sumptus
1249 2975 1411 3033 innumeris
1439 2980 1548 3047 speret,

248 3079 304 3137 ille
324 3090 395 3135 vero
413 3077 544 3147 filiorem
562 3075 773 3150 petulantium,
802 3075 957 3132 luxurium
979 3079 1009 3131 et
1029 3076 1218 3148 tyrannidem
1241 3077 1377 3149 lepitimis
1393 3077 1548 3150 praecuti-

251 3179 307 3238 bus
326 3176 432 3250 fontem
453 3192 512 3235 non
527 3180 637 3250 posset.
675 3174 819 3234 Caeterum
841 3191 908 3249 spes
929 3182 973 3233 est
992 3191 1054 3233 rem
1079 3175 1277 3235 Christianam
1300 3179 1403 3237 melius
1424 3178 1547 3236 babitu-

247 3296 320 3339 ram
340 3278 394 3338 sub
407 3277 504 3337 Leorte
526 3277 582 3335 boc
598 3275 634 3334 X
633 3321 650 3348 .,
671 3276 910 3350 quondoquidem
932 3276 981 3335 bic
1002 3292 1061 3335 non
1083 3278 1191 3337 desunt
1210 3281 1264 3352 qui
1282 3279 1352 3338 buic
1373 3281 1451 3339 serio
1470 3296 1547 3339 cou-

247 3383 368 3452 sulant,
396 3382 526 3454 primum
552 3377 752 3454 altitonus,
790 3377 953 3453 Sploestros
979 3386 1008 3438 et
1034 3381 1176 3455 quicquid
1206 3388 1250 3440 est
1280 3382 1493 3439 summularum
1520 3385 1549 3439 et

250 3482 514 3544 summuloriorum
536 3496 664 3556 prorsus
692 3479 821 3558 aboleat,
850 3480 932 3554 quod
953 3497 1013 3555 per
1039 3482 1107 3540 istos
1132 3482 1259 3542 mundus
1283 3481 1459 3555 seducatur,
1488 3498 1546 3541 nou

252 3586 362 3660 ubique
380 3584 569 3657 uranpetium
585 3588 639 3641 aut
659 3582 787 3641 Paulum
809 3592 940 3649 secutos·
971 3583 1080 3641 deinde
1102 3591 1134 3643 ut
1153 3585 1266 3655 edicat,
1296 3601 1334 3643 ne
1357 3585 1482 3659 postbac
1502 3586 1549 3643 vel

247 3687 339 3770 Scoip
354 3688 400 3745 uel
418 3684 536 3744 inomce
557 3687 602 3743 uel
622 3686 760 3758 cuiquam
781 3686 1038 3743 sententiariorum
1057 3685 1188 3757 fidutia,
1217 3687 1276 3744 nisi
1294 3701 1394 3745 sacra
1412 3686 1546 3759 scriptu-

249 3805 298 3848 roe
328 3789 500 3848 testimoniis
533 3789 646 3861 aporii,
683 3801 741 3844 non
775 3792 871 3843 autem
901 3787 1065 3845 rationibus
1089 3787 1221 3860 pbysieis
1245 3791 1299 3844 atet
1321 3787 1546 3862 metaphysicis:

248 3891 368 3965 alioqui
387 3889 463 3947 nibil
476 3886 671 3962 profuturum
685 3888 856 3956 concilium,
876 3888 903 3945 si
918 3889 980 3945 istis
995 3904 1050 3945 sua
1074 3894 1194 3946 moneat
1212 3889 1365 3946 autoritas.
1398 3895 1547 3962 postremo

250 3994 424 4062 consulunt,
449 3996 481 4049 ut
504 3991 586 4048 iussu
603 3991 752 4063 pontificis
775 3988 939 4047 decretales
963 3988 1007 4046 od
1024 3990 1208 4061 ettaupeiium
1227 3995 1257 4047 et
1275 3989 1365 4046 Pauli
1381 3988 1547 4073 doctrinam

247 4092 454 4166 conserantur
469 4068 533 4166 per
552 4093 663 4165 aliquot
684 4091 772 4149 bonos
793 4092 883 4162 uiros,
907 4092 960 4163 qui
976 4091 1034 4148 nou¹
1055 4092 1237 4165 syllopismos
1256 4090 1311 4148 sed
1324 4089 1470 4147 Christum
1485 4090 1547 4147 ba-

246 4198 342 4256 beant
363 4195 394 4252 in
409 4200 547 4268 pectore:
573 4208 643 4251 uam
666 4194 751 4250 aiunt
771 4195 878 4251 multas
893 4197 1035 4266 ottoestum
1053 4198 1082 4250 et
1094 4194 1259 4251 avariciam
1274 4194 1368 4267 olere,
1389 4194 1548 4250 nonnullas

242 4295 458 4375 tyrannidem,
486 4295 630 4368 quasdmn
656 4297 861 4367 arropantiom
890 4300 920 4353 ei
945 4292 1062 4366 sucum.
1104 4294 1159 4353 sed
1186 4296 1283 4353 mullis
1310 4311 1400 4353 scores
1421 4293 1547 4352 uidetur.

246 4495 420 4547 cxxvnn.
441 4494 502 4543 l=
515 4480 585 4556 §h
600 4509 738 4545 ntconsva
754 4478 824 4553 W}
845 4492 849 4559 Ι
865 4510 1024 4545 osannam
1038 4492 1282 4558 ancn1n1a=laon11a
1294 4492 1426 4546 Baiocefi.
1444 4496 1550 4545 Doctor-

246 4581 276 4632 S.
292 4578 447 4644 theologie
464 4577 663 4642 'Parilianfiffi
688 4581 730 4629 Da
750 4583 878 4644 corrupto
897 4576 1034 4644 eccleliiae
1055 4578 1157 4642 stain}
1178 4594 1379 4648 asseveremus
1398 4576 1547 4644 ancnonal

246 4664 378 4716 Donabit
395 4663 442 4713 hia
459 4668 488 4713 ta
506 4663 579 4713 liber
596 4664 695 4727 quibus
713 4664 868 4713 rationibus
887 4679 931 4712 ros
944 4658 1161 4728 ecclnlllillcaeaa.
1181 4665 1230 4725 (et
1239 4665 1296 4725 soll.
1311 4664 1347 4713 4⁰.
1359 4680 1382 4713 s.
1396 4667 1413 4713 l.
1426 4669 1451 4711 et
1463 4679 1488 4711 o.
1502 4680 1547 4726 po·

239 4756 348 4799 mrem
362 4764 424 4813 pop.
439 4765 518 4799 uacua
535 4749 596 4812 eat.)
648 4749 710 4796 2:
724 4750 756 4800 tlt
770 4751 798 4805 t,
818 4751 867 4798 nisi
884 4751 952 4813 quod
963 4766 985 4797 u.
1002 4751 1026 4797 3.
1046 4749 1186 4813 theologia
1203 4746 1206 4811 l
1221 4767 1243 4800 n.
1258 4750 1283 4797 4.
1304 4744 1411 4812 ecclei,
1430 4765 1452 4795 u.
1468 4750 1491 4795 o.
1505 4749 1549 4796 ba-

236 4836 309 4886 bet:
325 4847 353 4884 Δ.
367 4848 527 4883 nonnanxva
546 4847 674 4882 nacnoat.
692 4831 696 4897 Ι
711 4840 736 4883 el
751 4841 811 4897 post
830 4848 916 4883 coean.
935 4841 987 4883 est:
1006 4834 1107 4883 Addita
1121 4831 1182 4882 sunt
1195 4834 1319 4897 quoedam
1333 4832 1473 4890 Carmina,
1487 4847 1548 4896 quae

241 4923 275 4970 in
296 4915 413 4984 priozire
431 4918 564 4967 anditione
576 4914 821 4979 desyderabantur.
838 4916 842 4980 Ι
863 4918 914 4979 (38
922 4919 978 4981 foti.
993 4918 1029 4967 t0.
1042 4935 1063 4967 s.
1078 4922 1094 4966 l.
1108 4924 1133 4966 et
1146 4935 1170 4966 a.
1182 4924 1333 4981 postremum
1348 4917 1435 4979 [alitem
1447 4932 1548 4964 ocensem

235 5005 310 5065 est.)
330 5002 492 5067 Clamangia
509 5001 646 5062 libellum,
667 5002 716 5052 sod
734 4999 788 5052 ion
806 5004 956 5053 Monieaini
970 5002 1115 5068 epistolam
1129 5006 1156 5050 et
1170 5002 1305 5061 carmina,
1326 5000 1439 5067 repetiit
1451 5000 1549 5049 Brown

279 5089 313 5137 in
332 5085 484 5136 Fasciculo
503 5102 555 5135 rar.
575 5087 753 5151 expetendas.
767 5088 888 5137 Londini
908 5104 933 5137 a.
950 5085 1022 5137 1690.
1037 5086 1085 5136 fol.
1100 5087 1190 5148 edita,
1211 5091 1274 5136 tom.
1289 5087 1325 5135 ΙΙ.
1344 5103 1369 5151 p.
1383 5084 1442 5134 555.
1456 5099 1514 5147 sqq.

314 5305 382 5356 'ct
391 5305 565 5356 Burnkhardi
578 5306 773 5356 vitantem.
782 5323 806 5372 p.
814 5306 873 5357 311.
903 5308 1011 5357 Panzar
1023 5303 1257 5371 mr.v.11.p.207.
1288 5302 1381 5353 Fiiasli
1394 5303 1549 5354 inSehwei-

232 5392 381 5444 analdus.
395 5387 524 5456 ntahrg.
540 5388 613 5440 1789.
627 5390 719 5455 pean.
733 5404 773 5455 oq.
793 5389 903 5441 Strausa
916 5392 1023 5440 Hntten
1036 5390 1073 5439 11.
1081 5406 1142 5455 cap.
1154 5389 1192 5437 12.
1228 5387 1548 5453 ⁷·⁸Clemangis.1am.i.

236 5478 395 5528 clamante
413 5472 476 5523 VII.
490 5474 536 5538 qui
550 5490 612 5524 cum
629 5474 742 5524 Urbano
761 5474 808 5523 vt.
823 5491 849 5523 a.
869 5472 942 5524 1378.
961 5488 1034 5537 papa
1053 5472 1146 5524 iactus
1165 5478 1216 5523 eat.
1275 5471 1295 5505 ¹²
1313 5473 1505 5538 negotiatione
1522 5477 1548 5524 2.

244 5561 267 5594 ¹⁸
287 5560 344 5611 hoc
357 5559 475 5609 Decimo
487 5561 513 5607 2.
547 5557 586 5637 0¹¹
608 5559 785 5625 euangelium
798 5560 823 5608 1.
876 5556 899 5590 ²⁸
918 5557 1066 5607 auaritiam
1078 5559 1104 5607 2.
