<?xml version="1.0" encoding="UTF-8"?>
<!DOCTYPE html PUBLIC "-//W3C//DTD XHTML 1.0 Transitional//EN"
    "http://www.w3.org/TR/xhtml1/DTD/xhtml1-transitional.dtd">
<html xmlns="http://www.w3.org/1999/xhtml" xml:lang="en" lang="en">
 <head>
  <title>
</title>
<meta http-equiv="Content-Type" content="text/html;charset=utf-8" />
  <meta name='ocr-system' content='tesseract 3.04.00' />
  <meta name='ocr-capabilities' content='ocr_page ocr_carea ocr_par ocr_line ocrx_word'/>
</head>
<body>
  <div class='ocr_page' id='page_1' title='image "./ulrichihuttenie00huttgoog_0260.png"; bbox 0 0 3625 7050; ppageno 0'>
   <div class='ocr_carea' id='block_1_1' title="bbox 258 1178 1483 1272">
    <p class='ocr_par' dir='ltr' id='par_1_1' title="bbox 258 1178 1483 1272">
     <span class='ocr_line' id='line_1_1' title="bbox 258 1178 1483 1272; baseline -0.004 0"><span class='ocrx_word' id='word_1_1' title='bbox 258 1201 330 1272; x_wconf 77' lang='lat'><strong>130</strong></span> <span class='ocrx_word' id='word_1_2' title='bbox 344 1178 353 1202; x_wconf 39' lang='lat'><strong><em>⁹</em></strong></span> <span class='ocrx_word' id='word_1_3' title='bbox 370 1215 468 1266; x_wconf 81' lang='lat' dir='ltr'><strong>XLVI.</strong></span> <span class='ocrx_word' id='word_1_4' title='bbox 488 1227 661 1265; x_wconf 69' lang='lat' dir='ltr'><strong>urrunnun</strong></span> <span class='ocrx_word' id='word_1_5' title='bbox 674 1229 826 1266; x_wconf 78' lang='lat' dir='ltr'><strong>euvenus.</strong></span> <span class='ocrx_word' id='word_1_6' title='bbox 839 1231 883 1265; x_wconf 77' lang='lat' dir='ltr'><strong>nr.</strong></span> <span class='ocrx_word' id='word_1_7' title='bbox 896 1223 1031 1267; x_wconf 64' lang='lat' dir='ltr'><strong>nram.</strong></span> <span class='ocrx_word' id='word_1_8' title='bbox 1042 1223 1099 1266; x_wconf 74' lang='lat' dir='ltr'><strong>tstr.</strong></span> <span class='ocrx_word' id='word_1_9' title='bbox 1125 1216 1237 1267; x_wconf 82' lang='lat' dir='ltr'>XLVII.</span> <span class='ocrx_word' id='word_1_10' title='bbox 1257 1230 1483 1269; x_wconf 67' lang='lat' dir='ltr'><strong>aevcnmrsrz.</strong></span> 
     </span>
    </p>
   </div>
   <div class='ocr_carea' id='block_1_2' title="bbox 90 1369 1617 3684">
    <p class='ocr_par' dir='ltr' id='par_1_2' title="bbox 90 1369 1617 3684">
     <span class='ocr_line' id='line_1_2' title="bbox 256 1369 1553 1465; baseline 0.001 -19"><span class='ocrx_word' id='word_1_11' title='bbox 256 1385 412 1465; x_wconf 90' lang='lat' dir='ltr'><strong>spondebit</strong></span> <span class='ocrx_word' id='word_1_12' title='bbox 433 1369 525 1445; x_wconf 81' lang='lat' dir='ltr'><strong>virtus</strong></span> <span class='ocrx_word' id='word_1_13' title='bbox 547 1393 605 1445; x_wconf 86' lang='lat' dir='ltr'><strong>tua.</strong></span> <span class='ocrx_word' id='word_1_14' title='bbox 650 1383 709 1444; x_wconf 89' lang='lat' dir='ltr'><strong>noli</strong></span> <span class='ocrx_word' id='word_1_15' title='bbox 732 1403 779 1445; x_wconf 89' lang='lat' dir='ltr'><strong>me</strong></span> <span class='ocrx_word' id='word_1_16' title='bbox 800 1391 915 1446; x_wconf 89' lang='lat' dir='ltr'><strong>terrere</strong></span> <span class='ocrx_word' id='word_1_17' title='bbox 937 1385 1077 1455; x_wconf 89' lang='lat' dir='ltr'><strong>obsecro;</strong></span> <span class='ocrx_word' id='word_1_18' title='bbox 1105 1385 1165 1446; x_wconf 91' lang='lat' dir='ltr'><strong>noli</strong></span> <span class='ocrx_word' id='word_1_19' title='bbox 1187 1387 1250 1465; x_wconf 92' lang='lat' dir='ltr'><strong>ipse</strong></span> <span class='ocrx_word' id='word_1_20' title='bbox 1272 1388 1426 1465; x_wconf 82' lang='lat' dir='ltr'><strong>imponere</strong></span> <span class='ocrx_word' id='word_1_21' title='bbox 1447 1404 1553 1449; x_wconf 84' lang='lat' dir='ltr'><strong>neres-</strong></span> 
     </span>
     <span class='ocr_line' id='line_1_3' title="bbox 256 1485 1555 1566; baseline 0 -18"><span class='ocrx_word' id='word_1_22' title='bbox 256 1488 371 1548; x_wconf 86' lang='lat' dir='ltr'><strong>sitatcm</strong></span> <span class='ocrx_word' id='word_1_23' title='bbox 392 1487 459 1555; x_wconf 88' lang='lat' dir='ltr'><strong>tibi,</strong></span> <span class='ocrx_word' id='word_1_24' title='bbox 494 1493 522 1546; x_wconf 88' lang='lat' dir='ltr'><strong>et</strong></span> <span class='ocrx_word' id='word_1_25' title='bbox 549 1485 631 1546; x_wconf 92' lang='lat' dir='ltr'><strong>illurn</strong></span> <span class='ocrx_word' id='word_1_26' title='bbox 659 1487 738 1546; x_wconf 87' lang='lat' dir='ltr'><strong>refer</strong></span> <span class='ocrx_word' id='word_1_27' title='bbox 765 1487 894 1547; x_wconf 89' lang='lat' dir='ltr'><strong>animum</strong></span> <span class='ocrx_word' id='word_1_28' title='bbox 924 1506 983 1566; x_wconf 94' lang='lat' dir='ltr'><strong>quo</strong></span> <span class='ocrx_word' id='word_1_29' title='bbox 1010 1487 1112 1548; x_wconf 88' lang='lat' dir='ltr'><strong>solitus</strong></span> <span class='ocrx_word' id='word_1_30' title='bbox 1135 1507 1166 1547; x_wconf 88' lang='lat' dir='ltr'><strong>os</strong></span> <span class='ocrx_word' id='word_1_31' title='bbox 1187 1489 1320 1548; x_wconf 92' lang='lat' dir='ltr'><strong>ferundis</strong></span> <span class='ocrx_word' id='word_1_32' title='bbox 1340 1489 1472 1549; x_wconf 77' lang='lat' dir='ltr'><strong>adversis</strong></span> <span class='ocrx_word' id='word_1_33' title='bbox 1494 1490 1555 1549; x_wconf 89' lang='lat' dir='ltr'><strong>uti:</strong></span> 
     </span>
     <span class='ocr_line' id='line_1_4' title="bbox 257 1584 1554 1668; baseline 0.001 -19"><span class='ocrx_word' id='word_1_34' title='bbox 257 1588 364 1650; x_wconf 89' lang='lat' dir='ltr'><strong>multos</strong></span> <span class='ocrx_word' id='word_1_35' title='bbox 397 1588 474 1649; x_wconf 93' lang='lat' dir='ltr'><strong>ultro</strong></span> <span class='ocrx_word' id='word_1_36' title='bbox 506 1588 682 1648; x_wconf 79' lang='lat' dir='ltr'><strong>ferocientes</strong></span> <span class='ocrx_word' id='word_1_37' title='bbox 709 1587 918 1649; x_wconf 88' lang='lat' dir='ltr'><strong>formidulosns</strong></span> <span class='ocrx_word' id='word_1_38' title='bbox 946 1590 1005 1649; x_wconf 85' lang='lat' dir='ltr'><strong>dux</strong></span> <span class='ocrx_word' id='word_1_39' title='bbox 1034 1584 1139 1649; x_wconf 78' lang='lat' dir='ltr'><strong>milites</strong></span> <span class='ocrx_word' id='word_1_40' title='bbox 1167 1589 1211 1648; x_wconf 90' lang='lat' dir='ltr'><strong>his</strong></span> <span class='ocrx_word' id='word_1_41' title='bbox 1244 1588 1372 1668; x_wconf 85' lang='lat' dir='ltr'><strong>querelis</strong></span> <span class='ocrx_word' id='word_1_42' title='bbox 1405 1589 1554 1650; x_wconf 71' lang='lat' dir='ltr'><strong>emollitos</strong></span> 
     </span>
     <span class='ocr_line' id='line_1_5' title="bbox 197 1689 1555 1770; baseline 0.001 -19"><span class='ocrx_word' id='word_1_43' title='bbox 197 1711 245 1769; x_wconf 69' lang='lat' dir='ltr'><strong>§.a</strong></span> <span class='ocrx_word' id='word_1_44' title='bbox 256 1691 372 1751; x_wconf 90' lang='lat' dir='ltr'><strong>reddes.</strong></span> <span class='ocrx_word' id='word_1_45' title='bbox 418 1689 460 1751; x_wconf 89' lang='lat' dir='ltr'><strong>Ne</strong></span> <span class='ocrx_word' id='word_1_46' title='bbox 481 1689 534 1750; x_wconf 91' lang='lat' dir='ltr'><strong>tibi</strong></span> <span class='ocrx_word' id='word_1_47' title='bbox 557 1689 648 1759; x_wconf 86' lang='lat' dir='ltr'><strong>desis;</strong></span> <span class='ocrx_word' id='word_1_48' title='bbox 682 1707 719 1749; x_wconf 93' lang='lat' dir='ltr'><strong>ne</strong></span> <span class='ocrx_word' id='word_1_49' title='bbox 741 1690 911 1751; x_wconf 83' lang='lat' dir='ltr'><strong>ardentibus</strong></span> <span class='ocrx_word' id='word_1_50' title='bbox 933 1709 988 1769; x_wconf 87' lang='lat' dir='ltr'><strong>pro</strong></span> <span class='ocrx_word' id='word_1_51' title='bbox 1010 1698 1039 1757; x_wconf 83' lang='lat' dir='ltr'><strong>te</strong></span> <span class='ocrx_word' id='word_1_52' title='bbox 1061 1690 1205 1751; x_wconf 85' lang='lat' dir='ltr'><strong>muliebre</strong></span> <span class='ocrx_word' id='word_1_53' title='bbox 1226 1691 1303 1751; x_wconf 89' lang='lat' dir='ltr'><strong>istud</strong></span> <span class='ocrx_word' id='word_1_54' title='bbox 1330 1690 1471 1770; x_wconf 86' lang='lat' dir='ltr'><strong>obstrepe</strong></span> <span class='ocrx_word' id='word_1_55' title='bbox 1499 1693 1555 1752; x_wconf 88' lang='lat' dir='ltr'><strong>‘sin</strong></span> 
     </span>
     <span class='ocr_line' id='line_1_6' title="bbox 256 1792 1576 1873; baseline 0 -20"><span class='ocrx_word' id='word_1_56' title='bbox 256 1792 337 1853; x_wconf 90' lang='lat' dir='ltr'><strong>brevi</strong></span> <span class='ocrx_word' id='word_1_57' title='bbox 359 1792 486 1865; x_wconf 77' lang='lat' dir='ltr'><strong>moriar’.</strong></span> <span class='ocrx_word' id='word_1_58' title='bbox 522 1793 611 1851; x_wconf 91' lang='lat' dir='ltr'><strong>immo</strong></span> <span class='ocrx_word' id='word_1_59' title='bbox 633 1809 693 1850; x_wconf 94' lang='lat' dir='ltr'><strong>non</strong></span> <span class='ocrx_word' id='word_1_60' title='bbox 715 1794 839 1852; x_wconf 89' lang='lat' dir='ltr'><strong>moritur</strong></span> <span class='ocrx_word' id='word_1_61' title='bbox 862 1793 912 1870; x_wconf 92' lang='lat' dir='ltr'><strong>qui</strong></span> <span class='ocrx_word' id='word_1_62' title='bbox 934 1793 976 1851; x_wconf 91' lang='lat' dir='ltr'><strong>sic</strong></span> <span class='ocrx_word' id='word_1_63' title='bbox 997 1793 1081 1852; x_wconf 77' lang='lat' dir='ltr'><strong>vixit:</strong></span> <span class='ocrx_word' id='word_1_64' title='bbox 1110 1793 1173 1852; x_wconf 91' lang='lat' dir='ltr'><strong>istis</strong></span> <span class='ocrx_word' id='word_1_65' title='bbox 1200 1793 1277 1853; x_wconf 90' lang='lat' dir='ltr'><strong>enirn</strong></span> <span class='ocrx_word' id='word_1_66' title='bbox 1304 1795 1389 1853; x_wconf 88' lang='lat' dir='ltr'><strong>annis</strong></span> <span class='ocrx_word' id='word_1_67' title='bbox 1410 1793 1576 1873; x_wconf 75' lang='lat' dir='ltr'><strong>quicquid⁵</strong></span> 
     </span>
     <span class='ocr_line' id='line_1_7' title="bbox 256 1891 1552 1971; baseline 0 -17"><span class='ocrx_word' id='word_1_68' title='bbox 256 1894 361 1964; x_wconf 76' lang='lat' dir='ltr'><strong>addeS,</strong></span> <span class='ocrx_word' id='word_1_69' title='bbox 391 1892 474 1954; x_wconf 88' lang='lat' dir='ltr'><strong>lucro</strong></span> <span class='ocrx_word' id='word_1_70' title='bbox 496 1894 667 1962; x_wconf 56' lang='lat' dir='ltr'><strong>accesserim</strong></span> <span class='ocrx_word' id='word_1_71' title='bbox 701 1891 792 1971; x_wconf 81' lang='lat' dir='ltr'><strong>gloria</strong></span> <span class='ocrx_word' id='word_1_72' title='bbox 815 1893 933 1954; x_wconf 90' lang='lat' dir='ltr'><strong>abunde</strong></span> <span class='ocrx_word' id='word_1_73' title='bbox 955 1902 1014 1962; x_wconf 84' lang='lat' dir='ltr'><strong>est:</strong></span> <span class='ocrx_word' id='word_1_74' title='bbox 1048 1895 1282 1965; x_wconf 78' lang='lat' dir='ltr'><strong>sensistivivons</strong></span> <span class='ocrx_word' id='word_1_75' title='bbox 1304 1914 1337 1955; x_wconf 85' lang='lat' dir='ltr'><strong>ea</strong></span> <span class='ocrx_word' id='word_1_76' title='bbox 1359 1895 1396 1955; x_wconf 92' lang='lat' dir='ltr'><strong>de</strong></span> <span class='ocrx_word' id='word_1_77' title='bbox 1418 1902 1448 1954; x_wconf 86' lang='lat' dir='ltr'><strong>te</strong></span> <span class='ocrx_word' id='word_1_78' title='bbox 1471 1896 1552 1954; x_wconf 80' lang='lat' dir='ltr'><strong>teeti·</strong></span> 
     </span>
     <span class='ocr_line' id='line_1_8' title="bbox 256 1993 1553 2074; baseline 0 -18"><span class='ocrx_word' id='word_1_79' title='bbox 256 1996 369 2066; x_wconf 87' lang='lat' dir='ltr'><strong>monia,</strong></span> <span class='ocrx_word' id='word_1_80' title='bbox 393 2013 458 2073; x_wconf 83' lang='lat' dir='ltr'><strong>quae</strong></span> <span class='ocrx_word' id='word_1_81' title='bbox 478 1995 579 2073; x_wconf 87' lang='lat' dir='ltr'><strong>paucis</strong></span> <span class='ocrx_word' id='word_1_82' title='bbox 601 1993 684 2071; x_wconf 87' lang='lat' dir='ltr'><strong>prins</strong></span> <span class='ocrx_word' id='word_1_83' title='bbox 706 1995 829 2055; x_wconf 89' lang='lat' dir='ltr'><strong>mortuis</strong></span> <span class='ocrx_word' id='word_1_84' title='bbox 853 1996 1053 2073; x_wconf 79' lang='lat' dir='ltr'><strong>contigerunt,</strong></span> <span class='ocrx_word' id='word_1_85' title='bbox 1076 2014 1111 2056; x_wconf 88' lang='lat' dir='ltr'><strong>ac</strong></span> <span class='ocrx_word' id='word_1_86' title='bbox 1133 1997 1195 2073; x_wconf 89' lang='lat' dir='ltr'><strong>ipse</strong></span> <span class='ocrx_word' id='word_1_87' title='bbox 1216 1998 1379 2074; x_wconf 72' lang='lat' dir='ltr'><strong>posteritati</strong></span> <span class='ocrx_word' id='word_1_88' title='bbox 1393 1997 1553 2057; x_wconf 79' lang='lat' dir='ltr'><strong>interfuisti</strong></span> 
     </span>
     <span class='ocr_line' id='line_1_9' title="bbox 201 2096 1552 2181; baseline 0.001 -25"><span class='ocrx_word' id='word_1_89' title='bbox 201 2107 323 2165; x_wconf 67' lang='lat' dir='ltr'><strong>saluae.</strong></span> <span class='ocrx_word' id='word_1_90' title='bbox 368 2096 452 2167; x_wconf 86' lang='lat' dir='ltr'><strong>Quod</strong></span> <span class='ocrx_word' id='word_1_91' title='bbox 475 2097 511 2156; x_wconf 94' lang='lat' dir='ltr'><strong>ad</strong></span> <span class='ocrx_word' id='word_1_92' title='bbox 537 2115 584 2156; x_wconf 90' lang='lat' dir='ltr'><strong>me</strong></span> <span class='ocrx_word' id='word_1_93' title='bbox 612 2096 727 2164; x_wconf 80' lang='lat' dir='ltr'><strong>attinet,</strong></span> <span class='ocrx_word' id='word_1_94' title='bbox 759 2096 946 2181; x_wconf 87' lang='lat' dir='ltr'><strong>satisfactum</strong></span> <span class='ocrx_word' id='word_1_95' title='bbox 960 2116 1027 2157; x_wconf 90' lang='lat' dir='ltr'><strong>meo</strong></span> <span class='ocrx_word' id='word_1_96' title='bbox 1048 2097 1078 2156; x_wconf 92' lang='lat' dir='ltr'><strong>iu</strong></span> <span class='ocrx_word' id='word_1_97' title='bbox 1100 2103 1129 2158; x_wconf 92' lang='lat' dir='ltr'><strong>te</strong></span> <span class='ocrx_word' id='word_1_98' title='bbox 1152 2097 1248 2158; x_wconf 91' lang='lat' dir='ltr'><strong>studio</strong></span> <span class='ocrx_word' id='word_1_99' title='bbox 1270 2097 1399 2159; x_wconf 88' lang='lat' dir='ltr'><strong>arbitror</strong></span> <span class='ocrx_word' id='word_1_100' title='bbox 1421 2096 1467 2159; x_wconf 79' lang='lat' dir='ltr'><strong>rel</strong></span> <span class='ocrx_word' id='word_1_101' title='bbox 1495 2098 1552 2157; x_wconf 90' lang='lat' dir='ltr'><strong>hoc</strong></span> 
     </span>
     <span class='ocr_line' id='line_1_10' title="bbox 256 2195 1551 2277; baseline 0 -18"><span class='ocrx_word' id='word_1_102' title='bbox 256 2199 334 2270; x_wconf 87' lang='lat' dir='ltr'><strong>solo,</strong></span> <span class='ocrx_word' id='word_1_103' title='bbox 350 2199 429 2277; x_wconf 92' lang='lat' dir='ltr'><strong>quod</strong></span> <span class='ocrx_word' id='word_1_104' title='bbox 443 2199 520 2259; x_wconf 89' lang='lat' dir='ltr'><strong>inter</strong></span> <span class='ocrx_word' id='word_1_105' title='bbox 534 2195 748 2258; x_wconf 86' lang='lat' dir='ltr'><strong>Reuchlinistas</strong></span> <span class='ocrx_word' id='word_1_106' title='bbox 763 2204 950 2257; x_wconf 89' lang='lat' dir='ltr'><strong>numeratum</strong></span> <span class='ocrx_word' id='word_1_107' title='bbox 965 2198 1042 2258; x_wconf 91' lang='lat' dir='ltr'><strong>haud</strong></span> <span class='ocrx_word' id='word_1_108' title='bbox 1059 2198 1185 2260; x_wconf 89' lang='lat' dir='ltr'><strong>obscure</strong></span> <span class='ocrx_word' id='word_1_109' title='bbox 1200 2218 1248 2260; x_wconf 89' lang='lat' dir='ltr'><strong>me</strong></span> <span class='ocrx_word' id='word_1_110' title='bbox 1263 2199 1394 2262; x_wconf 86' lang='lat' dir='ltr'><strong>viderim.</strong></span> <span class='ocrx_word' id='word_1_111' title='bbox 1422 2199 1551 2260; x_wconf 90' lang='lat' dir='ltr'><strong>Proinde</strong></span> 
     </span>
     <span class='ocr_line' id='line_1_11' title="bbox 257 2297 1580 2380; baseline -0.002 -19"><span class='ocrx_word' id='word_1_112' title='bbox 257 2302 397 2362; x_wconf 88' lang='lat' dir='ltr'><strong>confirma</strong></span> <span class='ocrx_word' id='word_1_113' title='bbox 411 2309 449 2369; x_wconf 89' lang='lat' dir='ltr'><strong>te,</strong></span> <span class='ocrx_word' id='word_1_114' title='bbox 467 2300 623 2360; x_wconf 81' lang='lat' dir='ltr'><strong>fortissime</strong></span> <span class='ocrx_word' id='word_1_115' title='bbox 635 2297 780 2376; x_wconf 86' lang='lat' dir='ltr'><strong>Capnion:</strong></span> <span class='ocrx_word' id='word_1_116' title='bbox 804 2298 930 2360; x_wconf 85' lang='lat' dir='ltr'><strong>multum</strong></span> <span class='ocrx_word' id='word_1_117' title='bbox 946 2301 1044 2359; x_wconf 91' lang='lat' dir='ltr'><strong>oneris</strong></span> <span class='ocrx_word' id='word_1_118' title='bbox 1059 2301 1101 2360; x_wconf 88' lang='lat' dir='ltr'><strong>tui</strong></span> <span class='ocrx_word' id='word_1_119' title='bbox 1118 2301 1152 2380; x_wconf 88' lang='lat' dir='ltr'><strong>in</strong></span> <span class='ocrx_word' id='word_1_120' title='bbox 1167 2307 1284 2361; x_wconf 87' lang='lat' dir='ltr'><strong>nostros</strong></span> <span class='ocrx_word' id='word_1_121' title='bbox 1299 2301 1441 2361; x_wconf 84' lang='lat' dir='ltr'><strong>humeros</strong></span> <span class='ocrx_word' id='word_1_122' title='bbox 1457 2306 1580 2360; x_wconf 80' lang='lat' dir='ltr'><strong>trans-¹⁰</strong></span> 
     </span>
     <span class='ocr_line' id='line_1_12' title="bbox 157 2401 1548 2481; baseline -0.001 -18"><span class='ocrx_word' id='word_1_123' title='bbox 157 2432 161 2438; x_wconf 94' lang='lat'>·</span> <span class='ocrx_word' id='word_1_124' title='bbox 218 2473 233 2480; x_wconf 48' lang='grc'><em>,</em></span> <span class='ocrx_word' id='word_1_125' title='bbox 255 2402 344 2463; x_wconf 90' lang='lat' dir='ltr'><strong>latum</strong></span> <span class='ocrx_word' id='word_1_126' title='bbox 369 2409 421 2462; x_wconf 88' lang='lat' dir='ltr'><strong>ost.</strong></span> <span class='ocrx_word' id='word_1_127' title='bbox 459 2402 632 2479; x_wconf 89' lang='lat' dir='ltr'><strong>iampridem</strong></span> <span class='ocrx_word' id='word_1_128' title='bbox 643 2401 822 2460; x_wconf 75' lang='lat' dir='ltr'><strong>incendium</strong></span> <span class='ocrx_word' id='word_1_129' title='bbox 845 2402 956 2470; x_wconf 87' lang='lat' dir='ltr'><strong>conflo,</strong></span> <span class='ocrx_word' id='word_1_130' title='bbox 980 2401 1059 2480; x_wconf 93' lang='lat' dir='ltr'><strong>quod</strong></span> <span class='ocrx_word' id='word_1_131' title='bbox 1081 2403 1251 2481; x_wconf 82' lang='lat' dir='ltr'><strong>tempestive</strong></span> <span class='ocrx_word' id='word_1_132' title='bbox 1266 2421 1353 2481; x_wconf 89' lang='lat' dir='ltr'><strong>spero</strong></span> <span class='ocrx_word' id='word_1_133' title='bbox 1369 2402 1548 2480; x_wconf 82' lang='lat' dir='ltr'><strong>efflagrabit:</strong></span> 
     </span>
     <span class='ocr_line' id='line_1_13' title="bbox 255 2500 1549 2583; baseline -0.002 -19"><span class='ocrx_word' id='word_1_134' title='bbox 255 2500 351 2582; x_wconf 86' lang='lat' dir='ltr'><strong>ipsum</strong></span> <span class='ocrx_word' id='word_1_135' title='bbox 373 2510 401 2563; x_wconf 87' lang='lat' dir='ltr'><strong>te</strong></span> <span class='ocrx_word' id='word_1_136' title='bbox 424 2504 576 2582; x_wconf 89' lang='lat' dir='ltr'><strong>quiescere</strong></span> <span class='ocrx_word' id='word_1_137' title='bbox 597 2503 700 2563; x_wconf 88' lang='lat' dir='ltr'><strong>iubeo:</strong></span> <span class='ocrx_word' id='word_1_138' title='bbox 724 2522 774 2563; x_wconf 91' lang='lat' dir='ltr'><strong>eos</strong></span> <span class='ocrx_word' id='word_1_139' title='bbox 797 2502 867 2563; x_wconf 91' lang='lat' dir='ltr'><strong>mihi</strong></span> <span class='ocrx_word' id='word_1_140' title='bbox 890 2504 1018 2582; x_wconf 86' lang='lat' dir='ltr'><strong>adiungo</strong></span> <span class='ocrx_word' id='word_1_141' title='bbox 1040 2502 1147 2564; x_wconf 76' lang='lat' dir='ltr'><strong>militiae</strong></span> <span class='ocrx_word' id='word_1_142' title='bbox 1162 2505 1271 2573; x_wconf 88' lang='lat' dir='ltr'><strong>socios,</strong></span> <span class='ocrx_word' id='word_1_143' title='bbox 1295 2522 1421 2583; x_wconf 90' lang='lat' dir='ltr'><strong>quorum</strong></span> <span class='ocrx_word' id='word_1_144' title='bbox 1438 2511 1468 2564; x_wconf 89' lang='lat' dir='ltr'><strong>et</strong></span> <span class='ocrx_word' id='word_1_145' title='bbox 1482 2511 1549 2564; x_wconf 85' lang='lat' dir='ltr'><strong>aetas</strong></span> 
     </span>
     <span class='ocr_line' id='line_1_14' title="bbox 258 2604 1548 2684; baseline -0.001 -18"><span class='ocrx_word' id='word_1_146' title='bbox 258 2613 286 2666; x_wconf 90' lang='lat' dir='ltr'><strong>et</strong></span> <span class='ocrx_word' id='word_1_147' title='bbox 308 2606 436 2666; x_wconf 90' lang='lat' dir='ltr'><strong>conditio</strong></span> <span class='ocrx_word' id='word_1_148' title='bbox 458 2623 564 2683; x_wconf 83' lang='lat' dir='ltr'><strong>pugnae</strong></span> <span class='ocrx_word' id='word_1_149' title='bbox 587 2605 687 2682; x_wconf 76' lang='lat' dir='ltr'><strong>generi</strong></span> <span class='ocrx_word' id='word_1_150' title='bbox 714 2623 768 2683; x_wconf 86' lang='lat' dir='ltr'><strong>par</strong></span> <span class='ocrx_word' id='word_1_151' title='bbox 796 2611 847 2664; x_wconf 90' lang='lat' dir='ltr'><strong>est.</strong></span> <span class='ocrx_word' id='word_1_152' title='bbox 894 2604 975 2666; x_wconf 89' lang='lat' dir='ltr'><strong>brevi</strong></span> <span class='ocrx_word' id='word_1_153' title='bbox 998 2606 1108 2669; x_wconf 89' lang='lat' dir='ltr'><strong>videbis</strong></span> <span class='ocrx_word' id='word_1_154' title='bbox 1131 2605 1286 2684; x_wconf 82' lang='lat' dir='ltr'><strong>lugubrem</strong></span> <span class='ocrx_word' id='word_1_155' title='bbox 1314 2606 1548 2668; x_wconf 88' lang='lat' dir='ltr'><strong>adversariorum</strong></span> 
     </span>
     <span class='ocr_line' id='line_1_15' title="bbox 90 2700 1545 2786; baseline -0.006 -13"><span class='ocrx_word' id='word_1_156' title='bbox 90 2743 94 2751; x_wconf 93' lang='lat'>·</span> <span class='ocrx_word' id='word_1_157' title='bbox 199 2708 427 2786; x_wconf 75' lang='lat' dir='ltr'><strong>§.ttragoediam</strong></span> <span class='ocrx_word' id='word_1_158' title='bbox 450 2728 466 2767; x_wconf 90' lang='lat' dir='ltr'><strong>e</strong></span> <span class='ocrx_word' id='word_1_159' title='bbox 488 2706 646 2766; x_wconf 89' lang='lat' dir='ltr'><strong>ridentium</strong></span> <span class='ocrx_word' id='word_1_160' title='bbox 668 2706 783 2766; x_wconf 85' lang='lat' dir='ltr'><strong>theatro</strong></span> <span class='ocrx_word' id='word_1_161' title='bbox 806 2704 947 2766; x_wconf 83' lang='lat' dir='ltr'><strong>exibilari.</strong></span> <span class='ocrx_word' id='word_1_162' title='bbox 992 2700 1061 2768; x_wconf 78' lang='lat' dir='ltr'><strong>Haec</strong></span> <span class='ocrx_word' id='word_1_163' title='bbox 1083 2708 1196 2768; x_wconf 91' lang='lat' dir='ltr'><strong>diversa</strong></span> <span class='ocrx_word' id='word_1_164' title='bbox 1218 2709 1354 2786; x_wconf 89' lang='lat' dir='ltr'><strong>opinante</strong></span> <span class='ocrx_word' id='word_1_165' title='bbox 1376 2715 1406 2767; x_wconf 89' lang='lat' dir='ltr'><strong>te</strong></span> <span class='ocrx_word' id='word_1_166' title='bbox 1434 2704 1545 2767; x_wconf 91' lang='lat' dir='ltr'><strong>molior.</strong></span> 
     </span>
     <span class='ocr_line' id='line_1_16' title="bbox 256 2807 1616 2888; baseline -0.001 -18"><span class='ocrx_word' id='word_1_167' title='bbox 256 2828 352 2888; x_wconf 92' lang='lat' dir='ltr'><strong>neque</strong></span> <span class='ocrx_word' id='word_1_168' title='bbox 375 2810 452 2869; x_wconf 85' lang='lat' dir='ltr'><strong>en&#39;un</strong></span> <span class='ocrx_word' id='word_1_169' title='bbox 474 2808 511 2868; x_wconf 88' lang='lat' dir='ltr'><strong>de</strong></span> <span class='ocrx_word' id='word_1_170' title='bbox 532 2826 580 2868; x_wconf 89' lang='lat' dir='ltr'><strong>me</strong></span> <span class='ocrx_word' id='word_1_171' title='bbox 602 2807 729 2868; x_wconf 90' lang='lat' dir='ltr'><strong>sirecte</strong></span> <span class='ocrx_word' id='word_1_172' title='bbox 751 2808 956 2884; x_wconf 85' lang='lat' dir='ltr'><strong>suspicareris,</strong></span> <span class='ocrx_word' id='word_1_173' title='bbox 979 2809 1033 2868; x_wconf 87' lang='lat' dir='ltr'><strong>ista</strong></span> <span class='ocrx_word' id='word_1_174' title='bbox 1055 2810 1201 2870; x_wconf 86' lang='lat' dir='ltr'><strong>scriberes</strong></span> <span class='ocrx_word' id='word_1_175' title='bbox 1224 2809 1298 2871; x_wconf 89' lang='lat' dir='ltr'><strong>‘Noli</strong></span> <span class='ocrx_word' id='word_1_176' title='bbox 1320 2809 1461 2869; x_wconf 90' lang='lat' dir='ltr'><strong>deserere</strong></span> <span class='ocrx_word' id='word_1_177' title='bbox 1475 2826 1540 2868; x_wconf 91' lang='lat' dir='ltr'><strong>cau·</strong></span> <span class='ocrx_word' id='word_1_178' title='bbox 1556 2819 1616 2859; x_wconf 64' lang='grc'><strong>15-</strong></span> 
     </span>
     <span class='ocr_line' id='line_1_17' title="bbox 255 2908 1546 2986; baseline -0.001 -16"><span class='ocrx_word' id='word_1_179' title='bbox 255 2929 317 2970; x_wconf 89' lang='lat' dir='ltr'><strong>sam</strong></span> <span class='ocrx_word' id='word_1_180' title='bbox 341 2909 491 2970; x_wconf 80' lang='lat' dir='ltr'><strong>veritatis&#39;:</strong></span> <span class='ocrx_word' id='word_1_181' title='bbox 514 2908 605 2986; x_wconf 82' lang='lat' dir='ltr'><strong>Egon&#39;</strong></span> <span class='ocrx_word' id='word_1_182' title='bbox 629 2908 763 2969; x_wconf 90' lang='lat' dir='ltr'><strong>deseram</strong></span> <span class='ocrx_word' id='word_1_183' title='bbox 778 2917 828 2969; x_wconf 90' lang='lat' dir='ltr'><strong>aut</strong></span> <span class='ocrx_word' id='word_1_184' title='bbox 843 2909 934 2978; x_wconf 88' lang='lat' dir='ltr'><strong>hanc,</strong></span> <span class='ocrx_word' id='word_1_185' title='bbox 958 2918 1008 2970; x_wconf 93' lang='lat' dir='ltr'><strong>aut</strong></span> <span class='ocrx_word' id='word_1_186' title='bbox 1022 2917 1067 2980; x_wconf 87' lang='lat' dir='ltr'><strong>te,</strong></span> <span class='ocrx_word' id='word_1_187' title='bbox 1090 2912 1177 2972; x_wconf 89' lang='lat' dir='ltr'><strong>huius</strong></span> <span class='ocrx_word' id='word_1_188' title='bbox 1192 2911 1317 2971; x_wconf 70' lang='lat' dir='ltr'><strong>ducem?</strong></span> <span class='ocrx_word' id='word_1_189' title='bbox 1338 2911 1463 2971; x_wconf 79' lang='lat' dir='ltr'><strong>modicae</strong></span> <span class='ocrx_word' id='word_1_190' title='bbox 1482 2909 1546 2970; x_wconf 86' lang='lat' dir='ltr'><strong>fidei</strong></span> 
     </span>
     <span class='ocr_line' id='line_1_18' title="bbox 255 3009 1545 3090; baseline -0.001 -19"><span class='ocrx_word' id='word_1_191' title='bbox 255 3011 399 3089; x_wconf 87' lang='lat' dir='ltr'><strong>Capnion,</strong></span> <span class='ocrx_word' id='word_1_192' title='bbox 423 3029 510 3089; x_wconf 91' lang='lat' dir='ltr'><strong>quarn</strong></span> <span class='ocrx_word' id='word_1_193' title='bbox 532 3028 591 3069; x_wconf 93' lang='lat' dir='ltr'><strong>non</strong></span> <span class='ocrx_word' id='word_1_194' title='bbox 614 3011 691 3069; x_wconf 88' lang='lat' dir='ltr'><strong>nosti</strong></span> <span class='ocrx_word' id='word_1_195' title='bbox 713 3009 886 3072; x_wconf 85' lang='lat' dir='ltr'><strong>liuttennm!</strong></span> <span class='ocrx_word' id='word_1_196' title='bbox 909 3012 999 3072; x_wconf 91' lang='lat' dir='ltr'><strong>immo</strong></span> <span class='ocrx_word' id='word_1_197' title='bbox 1022 3013 1046 3071; x_wconf 89' lang='lat' dir='ltr'><strong>si</strong></span> <span class='ocrx_word' id='word_1_198' title='bbox 1068 3019 1099 3073; x_wconf 90' lang='lat' dir='ltr'><strong>tn</strong></span> <span class='ocrx_word' id='word_1_199' title='bbox 1123 3013 1209 3073; x_wconf 90' lang='lat' dir='ltr'><strong>hodie</strong></span> <span class='ocrx_word' id='word_1_200' title='bbox 1230 3014 1365 3081; x_wconf 86' lang='lat' dir='ltr'><strong>deseras,</strong></span> <span class='ocrx_word' id='word_1_201' title='bbox 1378 3009 1445 3090; x_wconf 66' lang='lat' dir='ltr'><strong>&#39;ego</strong></span> <span class='ocrx_word' id='word_1_202' title='bbox 1460 3010 1545 3078; x_wconf 85' lang='lat' dir='ltr'><strong>istud,</strong></span> 
     </span>
     <span class='ocr_line' id='line_1_19' title="bbox 255 3111 1545 3192; baseline -0.001 -20"><span class='ocrx_word' id='word_1_203' title='bbox 255 3121 396 3191; x_wconf 87' lang='lat' dir='ltr'><strong>quantum</strong></span> <span class='ocrx_word' id='word_1_204' title='bbox 420 3130 473 3190; x_wconf 91' lang='lat' dir='ltr'><strong>per</strong></span> <span class='ocrx_word' id='word_1_205' title='bbox 491 3131 538 3172; x_wconf 92' lang='lat' dir='ltr'><strong>me</strong></span> <span class='ocrx_word' id='word_1_206' title='bbox 553 3111 617 3172; x_wconf 90' lang='lat' dir='ltr'><strong>lieri</strong></span> <span class='ocrx_word' id='word_1_207' title='bbox 631 3113 753 3190; x_wconf 88' lang='lat' dir='ltr'><strong>poterit,</strong></span> <span class='ocrx_word' id='word_1_208' title='bbox 778 3114 930 3174; x_wconf 85' lang='lat' dir='ltr'><strong>restituam</strong></span> <span class='ocrx_word' id='word_1_209' title='bbox 945 3113 1070 3182; x_wconf 89' lang='lat' dir='ltr'><strong>bellum;</strong></span> <span class='ocrx_word' id='word_1_210' title='bbox 1094 3133 1149 3175; x_wconf 90' lang='lat' dir='ltr'><strong>nee</strong></span> <span class='ocrx_word' id='word_1_211' title='bbox 1164 3115 1236 3174; x_wconf 88' lang='lat' dir='ltr'><strong>mihi</strong></span> <span class='ocrx_word' id='word_1_212' title='bbox 1250 3116 1369 3192; x_wconf 81' lang='lat' dir='ltr'><strong>ignaros</strong></span> <span class='ocrx_word' id='word_1_213' title='bbox 1385 3121 1545 3191; x_wconf 74' lang='lat' dir='ltr'><strong>ereptorum</strong></span> 
     </span>
     <span class='ocr_line' id='line_1_20' title="bbox 255 3196 1544 3295; baseline 0 -21"><span class='ocrx_word' id='word_1_214' title='bbox 255 3215 377 3275; x_wconf 86' lang='lat' dir='ltr'><strong>comites</strong></span> <span class='ocrx_word' id='word_1_215' title='bbox 399 3213 557 3274; x_wconf 88' lang='lat' dir='ltr'><strong>arbitrare:</strong></span> <span class='ocrx_word' id='word_1_216' title='bbox 588 3213 633 3273; x_wconf 88' lang='lat' dir='ltr'><strong>his</strong></span> <span class='ocrx_word' id='word_1_217' title='bbox 656 3196 778 3291; x_wconf 83' lang='lat' dir='ltr'><strong>stipatus</strong></span> <span class='ocrx_word' id='word_1_218' title='bbox 801 3214 987 3284; x_wconf 88' lang='lat' dir='ltr'><strong>consortibus</strong></span> <span class='ocrx_word' id='word_1_219' title='bbox 1009 3217 1175 3294; x_wconf 82' lang='lat' dir='ltr'><strong>ingredior,</strong></span> <span class='ocrx_word' id='word_1_220' title='bbox 1203 3234 1330 3295; x_wconf 90' lang='lat' dir='ltr'><strong>quorum</strong></span> <span class='ocrx_word' id='word_1_221' title='bbox 1352 3231 1544 3294; x_wconf 85' lang='lat' dir='ltr'><strong>unumquem-</strong></span> 
     </span>
     <span class='ocr_line' id='line_1_21' title="bbox 255 3314 1588 3396; baseline -0.001 -20"><span class='ocrx_word' id='word_1_222' title='bbox 255 3333 312 3394; x_wconf 87' lang='lat' dir='ltr'><strong>que</strong></span> <span class='ocrx_word' id='word_1_223' title='bbox 334 3316 403 3376; x_wconf 88' lang='lat' dir='ltr'><strong>lruic</strong></span> <span class='ocrx_word' id='word_1_224' title='bbox 432 3314 586 3376; x_wconf 87' lang='lat' dir='ltr'><strong>colluvioni</strong></span> <span class='ocrx_word' id='word_1_225' title='bbox 615 3317 684 3375; x_wconf 85' lang='lat' dir='ltr'><strong>satis</strong></span> <span class='ocrx_word' id='word_1_226' title='bbox 712 3318 843 3377; x_wconf 86' lang='lat' dir='ltr'><strong>fntmunr</strong></span> <span class='ocrx_word' id='word_1_227' title='bbox 871 3325 965 3395; x_wconf 87' lang='lat' dir='ltr'><strong>putes.</strong></span> <span class='ocrx_word' id='word_1_228' title='bbox 1017 3316 1172 3395; x_wconf 83' lang='lat' dir='ltr'><strong>Capnionis</strong></span> <span class='ocrx_word' id='word_1_229' title='bbox 1200 3319 1381 3396; x_wconf 84' lang='lat' dir='ltr'><strong>praeconium</strong></span> <span class='ocrx_word' id='word_1_230' title='bbox 1408 3335 1464 3395; x_wconf 89' lang='lat' dir='ltr'><strong>per</strong></span> <span class='ocrx_word' id='word_1_231' title='bbox 1495 3327 1588 3375; x_wconf 67' lang='lat' dir='ltr'><strong>ora‘t</strong></span> 
     </span>
     <span class='ocr_line' id='line_1_22' title="bbox 254 3416 1617 3497; baseline 0.001 -21"><span class='ocrx_word' id='word_1_232' title='bbox 254 3419 349 3477; x_wconf 90' lang='lat' dir='ltr'><strong>virum</strong></span> <span class='ocrx_word' id='word_1_233' title='bbox 370 3416 491 3486; x_wconf 82' lang='lat' dir='ltr'><strong>volabit;</strong></span> <span class='ocrx_word' id='word_1_234' title='bbox 516 3418 594 3479; x_wconf 89' lang='lat' dir='ltr'><strong>feres</strong></span> <span class='ocrx_word' id='word_1_235' title='bbox 616 3418 678 3495; x_wconf 88' lang='lat' dir='ltr'><strong>ipse</strong></span> <span class='ocrx_word' id='word_1_236' title='bbox 701 3426 729 3478; x_wconf 88' lang='lat' dir='ltr'><strong>et</strong></span> <span class='ocrx_word' id='word_1_237' title='bbox 751 3419 819 3479; x_wconf 91' lang='lat' dir='ltr'><strong>binc</strong></span> <span class='ocrx_word' id='word_1_238' title='bbox 842 3426 870 3478; x_wconf 88' lang='lat' dir='ltr'><strong>et</strong></span> <span class='ocrx_word' id='word_1_239' title='bbox 892 3417 1010 3479; x_wconf 90' lang='lat' dir='ltr'><strong>aliunde</strong></span> <span class='ocrx_word' id='word_1_240' title='bbox 1038 3421 1187 3497; x_wconf 79' lang='lat' dir='ltr'><strong>ingentem</strong></span> <span class='ocrx_word' id='word_1_241' title='bbox 1214 3419 1330 3480; x_wconf 91' lang='lat' dir='ltr'><strong>laudern</strong></span> <span class='ocrx_word' id='word_1_242' title='bbox 1359 3427 1442 3481; x_wconf 81' lang='lat' dir='ltr'><strong>extra</strong></span> <span class='ocrx_word' id='word_1_243' title='bbox 1470 3418 1544 3495; x_wconf 91' lang='lat' dir='ltr'><strong>peri·</strong></span> <span class='ocrx_word' id='word_1_244' title='bbox 1600 3457 1617 3470; x_wconf 88' lang='lat'>-</span> 
     </span>
     <span class='ocr_line' id='line_1_23' title="bbox 255 3517 1616 3601; baseline 0.004 -21"><span class='ocrx_word' id='word_1_245' title='bbox 255 3518 353 3581; x_wconf 92' lang='lat' dir='ltr'><strong>culum</strong></span> <span class='ocrx_word' id='word_1_246' title='bbox 369 3539 499 3580; x_wconf 87' lang='lat' dir='ltr'><strong>securus.</strong></span> <span class='ocrx_word' id='word_1_247' title='bbox 544 3519 612 3579; x_wconf 81' lang='lat' dir='ltr'><strong>llaec</strong></span> <span class='ocrx_word' id='word_1_248' title='bbox 627 3517 704 3579; x_wconf 80' lang='lat' dir='ltr'><strong>volui</strong></span> <span class='ocrx_word' id='word_1_249' title='bbox 719 3539 756 3580; x_wconf 91' lang='lat' dir='ltr'><strong>ne</strong></span> <span class='ocrx_word' id='word_1_250' title='bbox 771 3520 933 3599; x_wconf 85' lang='lat' dir='ltr'><strong>ignorares.</strong></span> <span class='ocrx_word' id='word_1_251' title='bbox 978 3520 1063 3590; x_wconf 89' lang='lat' dir='ltr'><strong>Vale,</strong></span> <span class='ocrx_word' id='word_1_252' title='bbox 1086 3540 1120 3581; x_wconf 87' lang='lat' dir='ltr'><strong>ac</strong></span> <span class='ocrx_word' id='word_1_253' title='bbox 1141 3520 1287 3601; x_wconf 81' lang='lat' dir='ltr'><strong>integrum</strong></span> <span class='ocrx_word' id='word_1_254' title='bbox 1310 3530 1339 3583; x_wconf 88' lang='lat' dir='ltr'><strong>te</strong></span> <span class='ocrx_word' id='word_1_255' title='bbox 1354 3521 1439 3582; x_wconf 89' lang='lat' dir='ltr'><strong>nobis</strong></span> <span class='ocrx_word' id='word_1_256' title='bbox 1453 3538 1541 3581; x_wconf 81' lang='lat' dir='ltr'><strong>serra.</strong></span> <span class='ocrx_word' id='word_1_257' title='bbox 1589 3571 1616 3585; x_wconf 83' lang='lat'>-</span> 
     </span>
     <span class='ocr_line' id='line_1_24' title="bbox 180 3603 1159 3684; baseline 0.004 -4"><span class='ocrx_word' id='word_1_258' title='bbox 180 3603 194 3628; x_wconf 76' lang='lat'><strong><em>‘</em></strong></span> <span class='ocrx_word' id='word_1_259' title='bbox 254 3620 364 3682; x_wconf 88' lang='lat' dir='ltr'><strong>lterum</strong></span> <span class='ocrx_word' id='word_1_260' title='bbox 387 3620 457 3683; x_wconf 87' lang='lat' dir='ltr'><strong>vale.</strong></span> <span class='ocrx_word' id='word_1_261' title='bbox 482 3620 629 3682; x_wconf 78' lang='lat' dir='ltr'><strong>bononiae.</strong></span> <span class='ocrx_word' id='word_1_262' title='bbox 654 3620 727 3681; x_wconf 90' lang='lat' dir='ltr'><strong>ldib.</strong></span> <span class='ocrx_word' id='word_1_263' title='bbox 752 3620 865 3682; x_wconf 88' lang='lat' dir='ltr'><strong>ianuar.</strong></span> <span class='ocrx_word' id='word_1_264' title='bbox 890 3623 974 3682; x_wconf 77' lang='lat' dir='ltr'><strong>Antio</strong></span> <span class='ocrx_word' id='word_1_265' title='bbox 997 3622 1159 3684; x_wconf 80' lang='lat' dir='ltr'><strong>bl.l).llVll.</strong></span> 
     </span>
    </p>
   </div>
   <div class='ocr_carea' id='block_1_3' title="bbox 780 4080 1021 4155">
    <p class='ocr_par' dir='ltr' id='par_1_3' title="bbox 780 4080 1021 4155">
     <span class='ocr_line' id='line_1_25' title="bbox 780 4080 1021 4155; baseline -0.008 0"><span class='ocrx_word' id='word_1_266' title='bbox 780 4080 1021 4155; x_wconf 85' lang='lat' dir='ltr'><strong>XXXXVII.</strong></span> 
     </span>
    </p>
   </div>
   <div class='ocr_carea' id='block_1_4' title="bbox 212 4230 1615 4480">
    <p class='ocr_par' dir='ltr' id='par_1_4' title="bbox 212 4230 1615 4480">
     <span class='ocr_line' id='line_1_26' title="bbox 212 4230 1604 4300; baseline -0.001 -19"><span class='ocrx_word' id='word_1_267' title='bbox 212 4246 214 4250; x_wconf 85' lang='lat'>·</span> <span class='ocrx_word' id='word_1_268' title='bbox 321 4230 383 4297; x_wconf 74' lang='lat' dir='ltr'><strong>[Ex</strong></span> <span class='ocrx_word' id='word_1_269' title='bbox 400 4234 633 4284; x_wconf 72' lang='lat' dir='ltr'><strong>Berichtinianarum</strong></span> <span class='ocrx_word' id='word_1_270' title='bbox 650 4236 812 4297; x_wconf 75' lang='lat' dir='ltr'><strong>epistolarum</strong></span> <span class='ocrx_word' id='word_1_271' title='bbox 828 4236 998 4300; x_wconf 78' lang='lat' dir='ltr'><strong>Hapanoensi</strong></span> <span class='ocrx_word' id='word_1_272' title='bbox 1013 4238 1129 4298; x_wconf 69' lang='lat' dir='ltr'><strong>exemplo</strong></span> <span class='ocrx_word' id='word_1_273' title='bbox 1148 4233 1217 4297; x_wconf 79' lang='lat' dir='ltr'><strong>(Ind.</strong></span> <span class='ocrx_word' id='word_1_274' title='bbox 1236 4232 1303 4283; x_wconf 87' lang='lat' dir='ltr'><strong>bibl.</strong></span> <span class='ocrx_word' id='word_1_275' title='bbox 1322 4232 1359 4283; x_wconf 88' lang='lat' dir='ltr'><strong>n⁰.</strong></span> <span class='ocrx_word' id='word_1_276' title='bbox 1367 4232 1421 4295; x_wconf 79' lang='lat'><strong>51.)</strong></span> <span class='ocrx_word' id='word_1_277' title='bbox 1439 4232 1504 4299; x_wconf 80' lang='lat' dir='ltr'><strong>quod</strong></span> <span class='ocrx_word' id='word_1_278' title='bbox 1517 4231 1604 4279; x_wconf 65' lang='lat' dir='ltr'><strong>its</strong></span> 
     </span>
     <span class='ocr_line' id='line_1_27' title="bbox 255 4313 1615 4394; baseline -0.002 -29"><span class='ocrx_word' id='word_1_279' title='bbox 255 4320 312 4381; x_wconf 82' lang='lat' dir='ltr'><strong>ipsa</strong></span> <span class='ocrx_word' id='word_1_280' title='bbox 327 4320 412 4380; x_wconf 85' lang='lat' dir='ltr'><strong>prima</strong></span> <span class='ocrx_word' id='word_1_281' title='bbox 427 4319 523 4382; x_wconf 79' lang='lat' dir='ltr'><strong>papirio</strong></span> <span class='ocrx_word' id='word_1_282' title='bbox 540 4319 595 4367; x_wconf 74' lang='lat' dir='ltr'><strong>boec</strong></span> <span class='ocrx_word' id='word_1_283' title='bbox 612 4317 702 4367; x_wconf 80' lang='lat' dir='ltr'><strong>babet:</strong></span> <span class='ocrx_word' id='word_1_284' title='bbox 721 4317 975 4394; x_wconf 83' lang='lat' dir='ltr'><strong>Reuehlinifterum</strong></span> <span class='ocrx_word' id='word_1_285' title='bbox 995 4320 1146 4369; x_wconf 83' lang='lat' dir='ltr'><strong>exercitum</strong></span> <span class='ocrx_word' id='word_1_286' title='bbox 1164 4318 1277 4385; x_wconf 81' lang='lat' dir='ltr'><strong>palgino</strong></span> <span class='ocrx_word' id='word_1_287' title='bbox 1291 4319 1419 4368; x_wconf 84' lang='lat' dir='ltr'><strong>inuenies</strong></span> <span class='ocrx_word' id='word_1_288' title='bbox 1432 4333 1489 4369; x_wconf 83' lang='lat' dir='ltr'><strong>mox</strong></span> <span class='ocrx_word' id='word_1_289' title='bbox 1502 4313 1527 4365; x_wconf 87' lang='lat' dir='ltr'><strong>fe</strong></span> <span class='ocrx_word' id='word_1_290' title='bbox 1544 4328 1615 4362; x_wconf 73' lang='lat'><em>9</em></span> 
     </span>
     <span class='ocr_line' id='line_1_28' title="bbox 253 4392 974 4480; baseline 0.004 -30"><span class='ocrx_word' id='word_1_291' title='bbox 253 4392 360 4466; x_wconf 75' lang='lat' dir='ltr'><strong>&#39;quenti</strong></span> <span class='ocrx_word' id='word_1_292' title='bbox 377 4398 382 4467; x_wconf 82' lang='grc' dir='ltr'>Ι</span> <span class='ocrx_word' id='word_1_293' title='bbox 397 4402 438 4451; x_wconf 76' lang='lat' dir='ltr'><strong>laic</strong></span> <span class='ocrx_word' id='word_1_294' title='bbox 456 4406 586 4467; x_wconf 81' lang='lat' dir='ltr'><strong>catalopus</strong></span> <span class='ocrx_word' id='word_1_295' title='bbox 604 4404 753 4453; x_wconf 84' lang='lat' dir='ltr'><strong>inserendus</strong></span> <span class='ocrx_word' id='word_1_296' title='bbox 770 4419 826 4455; x_wconf 84' lang='lat' dir='ltr'><strong>esse</strong></span> <span class='ocrx_word' id='word_1_297' title='bbox 843 4400 974 4480; x_wconf 66' lang='lat' dir='ltr'><strong>videtunj</strong></span> 
     </span>
    </p>
   </div>
   <div class='ocr_carea' id='block_1_5' title="bbox 431 4508 1374 4652">
    <p class='ocr_par' dir='ltr' id='par_1_5' title="bbox 431 4508 1374 4652">
     <span class='ocr_line' id='line_1_29' title="bbox 528 4508 1261 4595; baseline 0.001 -31"><span class='ocrx_word' id='word_1_298' title='bbox 528 4508 751 4595; x_wconf 73' lang='lat' dir='ltr'><strong>⁸f&#39;APNIONIS</strong></span> <span class='ocrx_word' id='word_1_299' title='bbox 770 4510 1036 4566; x_wconf 76' lang='lat' dir='ltr'><em>DEFENSORES</em></span> <span class='ocrx_word' id='word_1_300' title='bbox 1055 4509 1261 4579; x_wconf 75' lang='lat' dir='ltr'><em>AOERRIMI,</em></span> 
     </span>
     <span class='ocr_line' id='line_1_30' title="bbox 431 4601 1374 4652; baseline 0.002 -10"><span class='ocrx_word' id='word_1_301' title='bbox 431 4602 496 4644; x_wconf 75' lang='lat' dir='ltr'><strong>rior</strong></span> <span class='ocrx_word' id='word_1_302' title='bbox 509 4602 680 4644; x_wconf 69' lang='lat' dir='ltr'><strong>occurren</strong></span> <span class='ocrx_word' id='word_1_303' title='bbox 696 4602 730 4644; x_wconf 89' lang='lat' dir='ltr'><strong>ro</strong></span> <span class='ocrx_word' id='word_1_304' title='bbox 734 4602 801 4645; x_wconf 70' lang='lat' dir='ltr'><strong>rius</strong></span> <span class='ocrx_word' id='word_1_305' title='bbox 813 4603 1044 4645; x_wconf 64' lang='lat' dir='ltr'><strong>ciranrrrssnut</strong></span> <span class='ocrx_word' id='word_1_306' title='bbox 1056 4601 1325 4652; x_wconf 73' lang='lat' dir='ltr'><strong>serruororssmro</strong></span> <span class='ocrx_word' id='word_1_307' title='bbox 1329 4602 1374 4644; x_wconf 74' lang='lat' dir='ltr'><strong>rr.</strong></span> 
     </span>
    </p>
   </div>
   <div class='ocr_carea' id='block_1_6' title="bbox 254 4692 1617 5365">
    <p class='ocr_par' dir='ltr' id='par_1_6' title="bbox 255 4692 1617 4855">
     <span class='ocr_line' id='line_1_31' title="bbox 255 4692 1617 4775; baseline -0.002 -25"><span class='ocrx_word' id='word_1_308' title='bbox 255 4693 290 4750; x_wconf 84' lang='lat' dir='ltr'><strong>D.</strong></span> <span class='ocrx_word' id='word_1_309' title='bbox 315 4696 457 4751; x_wconf 85' lang='lat' dir='ltr'><strong>Erasmus</strong></span> <span class='ocrx_word' id='word_1_310' title='bbox 480 4696 691 4753; x_wconf 84' lang='lat' dir='ltr'><strong>Roterodamus</strong></span> <span class='ocrx_word' id='word_1_311' title='bbox 704 4699 760 4753; x_wconf 70' lang='lat' dir='ltr'><strong>uir</strong></span> <span class='ocrx_word' id='word_1_312' title='bbox 781 4699 871 4753; x_wconf 81' lang='lat' dir='ltr'><strong>seculi</strong></span> <span class='ocrx_word' id='word_1_313' title='bbox 891 4699 984 4753; x_wconf 82' lang='lat' dir='ltr'><strong>nostri</strong></span> <span class='ocrx_word' id='word_1_314' title='bbox 1004 4699 1197 4765; x_wconf 81' lang='lat' dir='ltr'><strong>doctissimus,</strong></span> <span class='ocrx_word' id='word_1_315' title='bbox 1221 4699 1272 4768; x_wconf 85' lang='lat' dir='ltr'><strong>qui</strong></span> <span class='ocrx_word' id='word_1_316' title='bbox 1286 4692 1470 4775; x_wconf 72' lang='lat' dir='ltr'><strong>Colpnionem</strong></span> <span class='ocrx_word' id='word_1_317' title='bbox 1484 4693 1572 4750; x_wconf 68' lang='lat' dir='ltr'><strong>sui‘s</strong></span> <span class='ocrx_word' id='word_1_318' title='bbox 1594 4700 1617 4735; x_wconf 82' lang='lat'><strong>¹</strong></span> 
     </span>
     <span class='ocr_line' id='line_1_32' title="bbox 340 4782 1068 4855; baseline 0.001 -20"><span class='ocrx_word' id='word_1_319' title='bbox 340 4782 445 4836; x_wconf 85' lang='lat' dir='ltr'><strong>diuinis</strong></span> <span class='ocrx_word' id='word_1_320' title='bbox 466 4783 600 4852; x_wconf 82' lang='lat' dir='ltr'><strong>operibus</strong></span> <span class='ocrx_word' id='word_1_321' title='bbox 622 4784 724 4854; x_wconf 76' lang='lat' dir='ltr'><strong>undiq3</strong></span> <span class='ocrx_word' id='word_1_322' title='bbox 742 4789 854 4855; x_wconf 80' lang='lat' dir='ltr'><strong>purpot</strong></span> <span class='ocrx_word' id='word_1_323' title='bbox 875 4799 911 4837; x_wconf 86' lang='lat' dir='ltr'><strong>oc</strong></span> <span class='ocrx_word' id='word_1_324' title='bbox 933 4782 1068 4854; x_wconf 74' lang='lat' dir='ltr'><strong>defendit.</strong></span> 
     </span>
    </p>

    <p class='ocr_par' dir='ltr' id='par_1_7' title="bbox 255 4866 1255 4938">
     <span class='ocr_line' id='line_1_33' title="bbox 255 4866 1255 4938; baseline 0 -17"><span class='ocrx_word' id='word_1_325' title='bbox 255 4866 443 4922; x_wconf 81' lang='lat' dir='ltr'><strong>Hermonnus</strong></span> <span class='ocrx_word' id='word_1_326' title='bbox 466 4867 563 4923; x_wconf 84' lang='lat' dir='ltr'><strong>Comes</strong></span> <span class='ocrx_word' id='word_1_327' title='bbox 585 4870 620 4923; x_wconf 87' lang='lat' dir='ltr'><strong>dc</strong></span> <span class='ocrx_word' id='word_1_328' title='bbox 643 4868 778 4935; x_wconf 69' lang='lat' dir='ltr'><strong>Numer,</strong></span> <span class='ocrx_word' id='word_1_329' title='bbox 802 4869 935 4923; x_wconf 81' lang='lat' dir='ltr'><strong>nobilium</strong></span> <span class='ocrx_word' id='word_1_330' title='bbox 958 4869 1081 4923; x_wconf 83' lang='lat' dir='ltr'><strong>omnium</strong></span> <span class='ocrx_word' id='word_1_331' title='bbox 1103 4869 1255 4938; x_wconf 83' lang='lat' dir='ltr'><strong>specimen.</strong></span> 
     </span>
    </p>

    <p class='ocr_par' dir='ltr' id='par_1_8' title="bbox 255 4951 1291 5020">
     <span class='ocr_line' id='line_1_34' title="bbox 255 4951 1291 5020; baseline 0.001 -14"><span class='ocrx_word' id='word_1_332' title='bbox 255 4951 453 5008; x_wconf 81' lang='lat' dir='ltr'><strong>Huldcricbus</strong></span> <span class='ocrx_word' id='word_1_333' title='bbox 475 4954 509 5008; x_wconf 86' lang='lat' dir='ltr'><strong>dc</strong></span> <span class='ocrx_word' id='word_1_334' title='bbox 532 4952 657 5020; x_wconf 81' lang='lat' dir='ltr'><strong>Hutten,</strong></span> <span class='ocrx_word' id='word_1_335' title='bbox 681 4954 729 5007; x_wconf 81' lang='lat' dir='ltr'><strong>uir</strong></span> <span class='ocrx_word' id='word_1_336' title='bbox 751 4954 828 5008; x_wconf 83' lang='lat' dir='ltr'><strong>omni</strong></span> <span class='ocrx_word' id='word_1_337' title='bbox 847 4955 876 5008; x_wconf 83' lang='lat' dir='ltr'><strong>in</strong></span> <span class='ocrx_word' id='word_1_338' title='bbox 900 4954 1032 5008; x_wconf 81' lang='lat' dir='ltr'><strong>doctrina</strong></span> <span class='ocrx_word' id='word_1_339' title='bbox 1056 4953 1291 5009; x_wconf 82' lang='lat' dir='ltr'><strong>absolutissimus.</strong></span> 
     </span>
    </p>

    <p class='ocr_par' dir='ltr' id='par_1_9' title="bbox 254 5036 1413 5112">
     <span class='ocr_line' id='line_1_35' title="bbox 254 5036 1413 5112; baseline 0 -18"><span class='ocrx_word' id='word_1_340' title='bbox 254 5036 417 5094; x_wconf 83' lang='lat' dir='ltr'><strong>Reuereud.</strong></span> <span class='ocrx_word' id='word_1_341' title='bbox 441 5037 509 5093; x_wconf 73' lang='lat' dir='ltr'><strong>bn:</strong></span> <span class='ocrx_word' id='word_1_342' title='bbox 528 5037 654 5094; x_wconf 82' lang='lat' dir='ltr'><strong>Ioannes</strong></span> <span class='ocrx_word' id='word_1_343' title='bbox 675 5037 839 5112; x_wconf 81' lang='lat' dir='ltr'><strong>Episcopus</strong></span> <span class='ocrx_word' id='word_1_344' title='bbox 859 5038 1016 5109; x_wconf 79' lang='lat' dir='ltr'><strong>Roffeusis.</strong></span> <span class='ocrx_word' id='word_1_345' title='bbox 1411 5091 1413 5094; x_wconf 86' lang='lat'><strong>.</strong></span> 
     </span>
    </p>

    <p class='ocr_par' dir='ltr' id='par_1_10' title="bbox 254 5122 1380 5196">
     <span class='ocr_line' id='line_1_36' title="bbox 254 5122 1380 5196; baseline 0.002 -19"><span class='ocrx_word' id='word_1_346' title='bbox 254 5122 361 5178; x_wconf 83' lang='lat' dir='ltr'><strong>Petrus</strong></span> <span class='ocrx_word' id='word_1_347' title='bbox 385 5123 536 5179; x_wconf 84' lang='lat' dir='ltr'><strong>Gofalinus</strong></span> <span class='ocrx_word' id='word_1_348' title='bbox 557 5122 769 5192; x_wconf 82' lang='lat' dir='ltr'><strong>Minoritonus,</strong></span> <span class='ocrx_word' id='word_1_349' title='bbox 792 5139 887 5179; x_wconf 85' lang='lat' dir='ltr'><strong>sacroe</strong></span> <span class='ocrx_word' id='word_1_350' title='bbox 910 5139 1028 5180; x_wconf 83' lang='lat' dir='ltr'><strong>erconoe</strong></span> <span class='ocrx_word' id='word_1_351' title='bbox 1051 5123 1165 5180; x_wconf 80' lang='lat' dir='ltr'><strong>Cabofoe</strong></span> <span class='ocrx_word' id='word_1_352' title='bbox 1183 5124 1380 5196; x_wconf 81' lang='lat' dir='ltr'><strong>peritissimus</strong></span> 
     </span>
    </p>

    <p class='ocr_par' dir='ltr' id='par_1_11' title="bbox 255 5206 785 5280">
     <span class='ocr_line' id='line_1_37' title="bbox 255 5206 785 5280; baseline 0.002 -18"><span class='ocrx_word' id='word_1_353' title='bbox 255 5206 402 5264; x_wconf 72' lang='lat' dir='ltr'><strong>Martinus</strong></span> <span class='ocrx_word' id='word_1_354' title='bbox 425 5208 588 5280; x_wconf 80' lang='lat' dir='ltr'><strong>Groninpes</strong></span> <span class='ocrx_word' id='word_1_355' title='bbox 610 5209 785 5264; x_wconf 84' lang='lat' dir='ltr'><strong>Bremensis.</strong></span> 
     </span>
    </p>

    <p class='ocr_par' dir='ltr' id='par_1_12' title="bbox 255 5292 829 5365">
     <span class='ocr_line' id='line_1_38' title="bbox 255 5292 829 5365; baseline 0.005 -18"><span class='ocrx_word' id='word_1_356' title='bbox 255 5292 296 5348; x_wconf 88' lang='lat' dir='ltr'><strong>Io.</strong></span> <span class='ocrx_word' id='word_1_357' title='bbox 321 5293 432 5350; x_wconf 70' lang='lat' dir='ltr'><strong>Politen</strong></span> <span class='ocrx_word' id='word_1_358' title='bbox 452 5294 633 5365; x_wconf 84' lang='lat' dir='ltr'><strong>Praepositus</strong></span> <span class='ocrx_word' id='word_1_359' title='bbox 655 5292 829 5350; x_wconf 85' lang='lat' dir='ltr'><strong>Coloniensis</strong></span> 
     </span>
    </p>
   </div>
   <div class='ocr_carea' id='block_1_7' title="bbox 243 5453 1617 5611">
    <p class='ocr_par' dir='ltr' id='par_1_13' title="bbox 243 5453 1617 5611">
     <span class='ocr_line' id='line_1_39' title="bbox 243 5453 1617 5529; baseline 0.005 -25"><span class='ocrx_word' id='word_1_360' title='bbox 243 5521 247 5529; x_wconf 28' lang='grc'>1</span> <span class='ocrx_word' id='word_1_361' title='bbox 323 5458 374 5504; x_wconf 62' lang='lat' dir='ltr'><strong>bu·</strong></span> <span class='ocrx_word' id='word_1_362' title='bbox 392 5456 774 5523; x_wconf 56' lang='lat' dir='ltr'><strong>cenomanensium.</strong></span> <span class='ocrx_word' id='word_1_363' title='bbox 828 5456 848 5491; x_wconf 89' lang='lat'><strong>¹¹</strong></span> <span class='ocrx_word' id='word_1_364' title='bbox 868 5460 1054 5517; x_wconf 53' lang='lat' dir='ltr'><strong>confinita-3.</strong></span> <span class='ocrx_word' id='word_1_365' title='bbox 1109 5458 1130 5492; x_wconf 79' lang='lat'><strong>¹⁶</strong></span> <span class='ocrx_word' id='word_1_366' title='bbox 1148 5461 1244 5526; x_wconf 77' lang='lat' dir='ltr'><strong>Egone</strong></span> <span class='ocrx_word' id='word_1_367' title='bbox 1257 5463 1320 5511; x_wconf 71' lang='grc' dir='ltr'><strong>Μ.</strong></span> <span class='ocrx_word' id='word_1_368' title='bbox 1386 5460 1409 5493; x_wconf 71' lang='lat'><strong>¹7</strong></span> <span class='ocrx_word' id='word_1_369' title='bbox 1426 5462 1472 5527; x_wconf 88' lang='lat' dir='ltr'><strong>qui</strong></span> <span class='ocrx_word' id='word_1_370' title='bbox 1489 5453 1617 5524; x_wconf 56' lang='grc' dir='ltr'><strong>[ρι’.</strong></span> 
     </span>
     <span class='ocr_line' id='line_1_40' title="bbox 256 5543 1245 5611; baseline 0.001 -17"><span class='ocrx_word' id='word_1_371' title='bbox 256 5543 347 5609; x_wconf 86' lang='lat' dir='ltr'><strong>quem]</strong></span> <span class='ocrx_word' id='word_1_372' title='bbox 360 5562 397 5595; x_wconf 75' lang='lat' dir='ltr'><strong>ex</strong></span> <span class='ocrx_word' id='word_1_373' title='bbox 408 5561 457 5596; x_wconf 84' lang='lat' dir='ltr'><strong>non</strong></span> <span class='ocrx_word' id='word_1_374' title='bbox 469 5548 596 5597; x_wconf 75' lang='lat' dir='ltr'><strong>intellecta</strong></span> <span class='ocrx_word' id='word_1_375' title='bbox 606 5548 672 5609; x_wconf 76' lang='lat' dir='ltr'><strong>cipio</strong></span> <span class='ocrx_word' id='word_1_376' title='bbox 683 5547 739 5594; x_wconf 79' lang='lat'><strong>2.3.</strong></span> <span class='ocrx_word' id='word_1_377' title='bbox 792 5559 874 5609; x_wconf 83' lang='lat' dir='ltr'><strong>quem</strong></span> <span class='ocrx_word' id='word_1_378' title='bbox 891 5553 962 5597; x_wconf 83' lang='lat' dir='ltr'><strong>recte</strong></span> <span class='ocrx_word' id='word_1_379' title='bbox 973 5546 1095 5597; x_wconf 85' lang='lat' dir='ltr'><strong>Burckh.</strong></span> <span class='ocrx_word' id='word_1_380' title='bbox 1109 5546 1131 5595; x_wconf 94' lang='grc' dir='ltr'><strong>Ι.</strong></span> <span class='ocrx_word' id='word_1_381' title='bbox 1151 5564 1176 5611; x_wconf 87' lang='lat' dir='ltr'><strong>p.</strong></span> <span class='ocrx_word' id='word_1_382' title='bbox 1189 5545 1245 5596; x_wconf 76' lang='lat'><strong>152.</strong></span> 
     </span>
    </p>
   </div>
   <div class='ocr_carea' id='block_1_8' title="bbox 0 0 1819 7044">
    <p class='ocr_par' dir='ltr' id='par_1_14' title="bbox 0 0 1819 7044">
     <span class='ocr_line' id='line_1_41' title="bbox 0 0 1819 7044; baseline 0 0"><span class='ocrx_word' id='word_1_383' title='bbox 0 0 1819 7044; x_wconf 95' lang='lat' dir='ltr'><strong> </strong></span> 
     </span>
    </p>
   </div>
  </div>
 </body>
</html>
