3625 7050
369 1230 450 1281 CLX.
470 1246 552 1281 eaoer
567 1245 684 1280 arnrnrrr
698 1245 734 1279 nn
748 1244 894 1279 nnarruvre
914 1244 1064 1280 uernanvn
1078 1245 1120 1279 nr.
1134 1246 1160 1279 n.
1174 1240 1208 1280 tt.
1222 1244 1284 1280 tra.
1298 1240 1358 1281 152⁰.
1428 1219 1502 1291 337

223 1499 395 1535 aaunaaarr..
494 1482 501 1489 ”
800 1463 916 1539 CLX.
1270 1495 1304 1535 ²8.
1319 1501 1412 1537 arara.
1427 1497 1486 1537 tato.

211 1552 418 1563 —.--—-
1259 1554 1505 1567 ——-

769 1633 993 1701 [Superscriptio]

211 1740 410 1782 DOCTISSIHO
443 1738 735 1787 INTEGERRIMOQVE
769 1739 942 1780 §AGRARVM
975 1740 1163 1781 LITERARVM
1195 1742 1394 1784 INTERPRETI
1427 1745 1504 1785 Wl'l'·

777 1824 942 1865 ‘PENBVRGI

584 1904 748 1955 DOCTORI
766 1906 932 1956 MARTINO
952 1905 1127 1955 LVTHERO

670 1991 772 2032 AMlco
797 1993 857 2033 SVO
882 1993 1042 2033 VENERAN.

682 2073 824 2154 [onorvs
846 2073 1032 2154 averanus]

294 2215 390 2272 Salvus
413 2232 444 2270 ex
465 2213 540 2271 ltalia
563 2231 688 2269 reversus
716 2212 826 2269 substiti
852 2213 895 2268 hic
925 2214 995 2287 apud
1023 2212 1138 2287 inclytos
1161 2213 1297 2277 Fuehsos,
1325 2217 1365 2272 tui
1387 2219 1557 2274 neminisse

211 2300 343 2374 imprimis
366 2299 513 2355 studiosos.
557 2298 635 2355 Venit
659 2299 752 2353 eodem
775 2297 856 2372 paulo
878 2306 943 2371 post
964 2298 1104 2353 lluthenns
1135 2316 1210 2354 meus
1231 2317 1285 2354 non
1309 2300 1377 2357 inito
1400 2303 1432 2357 de
1452 2303 1503 2359 hoc

211 2383 265 2440 ullo
289 2384 362 2440 inter
384 2401 434 2439 nos
456 2382 584 2444 consilio,
606 2383 668 2443 sed,
695 2391 726 2437 nt
745 2383 810 2436 mihi
834 2382 948 2438 firmiter
967 2383 1131 2456 persuadeo,
1161 2383 1197 2438 ita
1220 2383 1320 2441 amicos
1344 2387 1450 2442 tandem
1470 2388 1502 2443 de

211 2470 357 2544 improviso
379 2476 543 2524 convocante
564 2467 685 2528 Christo,
710 2467 756 2540 qui
778 2466 853 2522 nullo
877 2467 1008 2522 sacrificio
1032 2485 1108 2540 aeque
1133 2468 1232 2540 gaudet
1250 2487 1280 2524 ac
1302 2480 1394 2526 mutua
1415 2471 1503 2526 chari·

211 2563 262 2610 tate
290 2554 440 2609 honriuum.
484 2552 549 2607 Cum
580 2553 672 2625 itaque
702 2551 801 2625 pascha
827 2552 1026 2607 celebraremus
1054 2569 1266 2626 curreremusque
1289 2554 1360 2609 ‘llaec
1381 2563 1424 2609 cst
1445 2556 1559 2610 diesen.

211 2656 288 2712 quam
310 2638 375 2694 lecit
394 2637 534 2697 domiuus,
558 2636 710 2691 exultemus
733 2644 761 2690 et
782 2635 905 2691 laetentur
929 2637 955 2690 iu
976 2636 1023 2696 ea',
1048 2636 1142 2691 incidit
1164 2636 1191 2692 in
1214 2655 1289 2694 sacra
1315 2656 1421 2694 sacrum
1443 2656 1504 2695 seu-

211 2723 357 2778 timeutum'
374 2721 579 2778 Lot-aniensium
598 2729 627 2776 et
649 2719 864 2781 Coloniensium,
893 2721 1018 2776 llutheuo
1041 2720 1153 2783 missum
1178 2721 1211 2777 ab
1238 2721 1349 2778 Erasino
1372 2724 1504 2779 liothero·

211 2807 302 2866 lauru:
335 2807 432 2879 ingens
455 2822 519 2861 sane
542 2806 654 2860 materia
679 2814 706 2860 et
735 2806 767 2862 ad
798 2805 939 2861 ridendum
968 2813 996 2859 et
1024 2806 1055 2860 ad
1079 2806 1312 2863 stomachantium:
1346 2825 1396 2863 nos
1419 2808 1503 2863 risum

211 2909 267 2946 :um
292 2891 388 2946 lestira
411 2898 438 2945 et
460 2890 503 2964 pia
525 2888 622 2945 laeticia
644 2890 850 2952 coniunxiurns,
872 2889 1086 2963 indignacionem
1108 2907 1172 2945 vero
1192 2891 1224 2946 ad
1242 2891 1346 2946 havidis
1365 2893 1502 2966 cytharam

211 2974 439 3037 lemulecbamus‚
469 2992 503 3029 ne
529 2974 561 3029 ad
584 2975 686 3047 peceati
709 2981 807 3030 metam
830 2975 1012 3048 pertingeret,
1043 2992 1205 3048 quamquam
1233 2975 1291 3031 sine
1314 2986 1425 3049 peccato
1447 2994 1502 3033 nou

211 3060 339 3134 legimus,
360 3060 382 3114 si
402 3061 540 3132 peccatum
563 3058 615 3113 erit
638 3058 766 3132 quicquid
790 3058 822 3114 ab
845 3060 934 3115 animo
953 3059 1140 3133 indignacione
1159 3070 1295 3116 commoto
1311 3062 1500 3134 progreditur:

211 3144 356 3200 nonenim
379 3144 416 3199 ita
438 3161 531 3199 sumus
551 3143 648 3203 Stoici,
677 3152 707 3198 ut
734 3144 837 3198 atrianos
859 3153 970 3199 nostros
992 3144 1025 3198 ab
1047 3144 1119 3200 omni
1149 3144 1310 3217 aegritudine
1339 3144 1440 3202 liberos
1460 3149 1558 3202 tui-³.

211 3245 318 3289 camur,
341 3229 494 3302 praesertim
514 3245 574 3283 cum
598 3228 717 3282 videmus
739 3246 787 3282 tros
809 3229 929 3284 insanire
949 3228 1080 3284 indicibili
1100 3228 1209 3284 arnlacia
1231 3229 1257 3283 in
1274 3229 1422 3286 ludibrium
1437 3231 1502 3286 Ger·

211 3312 305 3368 manici
326 3313 457 3373 nominis,
487 3312 514 3366 in
537 3310 728 3367 coutumeliam
751 3311 907 3385 religionis.
936 3314 963 3367 in
985 3313 1132 3386 perniciem
1155 3313 1332 3376 innocencia,
1364 3332 1413 3387 per
1433 3334 1502 3388 quos

211 3396 342 3470 Imprimis
370 3395 501 3452 illustrari
528 3396 622 3451 debuit
645 3396 800 3459 Germania.
832 3397 959 3470 religioni
989 3416 1055 3453 suus
1082 3406 1154 3452 stare
1177 3399 1286 3460 honor..
1309 3399 1419 3455 minime
1441 3400 1502 3455 laedi

211 3480 373 3539 ¹nnocencia.
410 3481 438 3536 ln
459 3481 509 3537 bac
530 3481 657 3555 opinione
675 3481 791 3538 iucundo
814 3482 929 3557 quodam
949 3500 1118 3538 assensuum
1138 3481 1143 3554 Ι
1163 3500 1270 3556 semper
1283 3501 1347 3538 con·
1364 3476 1369 3563 l
1386 3489 1434 3552 sot.
1448 3488 1556 3544 latta

211 3567 285 3623 ·.inui.
331 3567 354 3622 si
377 3567 422 3641 qui
444 3565 528 3621 velint
550 3566 693 3621 candorem
716 3567 777 3622 vitre
804 3586 861 3641 praa
888 3586 917 3622 se
943 3568 1028 3629 ferre,
1058 3576 1149 3623 tenere
1176 3566 1299 3623 lucernas
1328 3570 1453 3624 ardentes
1475 3570 1502 3623 in

211 3651 334 3708 manibus
356 3651 426 3711 suis,
450 3650 539 3723 gladio
563 3650 676 3724 spiritus
698 3651 783 3706 saneti
806 3669 914 3707 causam
935 3651 1056 3706 veritatis
1079 3651 1237 3713 defendere,
1265 3670 1316 3725 pro
1339 3653 1425 3709 salute
1449 3653 1502 3708 lra-

211 3736 258 3793 tris
279 3736 396 3794 animam
418 3753 493 3791 suam
511 3753 627 3809 ponere.
653 3735 679 3790 in
699 3735 740 3790 his
760 3745 887 3808 oportere
908 3735 1061 3807 Theologos
1080 3727 1182 3791 ¹nomen
1204 3754 1283 3791 strum
1302 3736 1433 3810 profiteri.
1465 3738 1556 3791 atta.

211 3825 288 3894 longe
309 3819 388 3877 aliter
408 3820 503 3876 habet:
533 3820 574 3875 vin
594 3819 648 3874 ulla
671 3820 793 3893 tyrannis
811 3820 956 3874 imnnmius
979 3820 1050 3874 inter
1070 3820 1238 3875 Christianos
1258 3820 1405 3876 baechatur
1422 3838 1501 3892 quam

211 3905 413 3979 theologorum,
436 3922 531 3961 eornm
552 3905 686 3979 praecipue
709 3905 753 3978 qui
775 3903 899 3960 monachi
918 3903 1000 3976 vulgo
1020 3922 1049 3958 nc
1071 3904 1205 3959 haereticae
1228 3904 1368 3977 pravitatis
1388 3904 1502 3977 inquisi-

211 4000 281 4046 tores
304 3989 484 4064 appellantur.
530 4007 580 4063 pro
607 3990 724 4045 eandorc
754 3998 817 4044 sunt
840 3987 959 4043 tenchrae
981 3996 1008 4043 et
1036 3987 1129 4043 inlelis
1156 3988 1267 4050 invidia.
1298 4006 1349 4062 pro
1371 3988 1501 4044 virtutum

211 4075 318 4130 lucerna
341 4075 481 4149 spirante
505 4074 616 4130 naribus
640 4075 744 4149 ignem.
764 4067 800 4128 'ut
826 4073 916 4147 inquit
937 4082 1030 4147 poeta,
1061 4072 1223 4147 progladio
1245 4072 1387 4147 scripturae
1410 4090 1502 4128 succe·

211 4158 246 4214 lit
265 4158 372 4232 gladius
392 4158 540 4218 carnilicis.
570 4177 620 4233 pro
644 4158 725 4214 verbo
747 4159 789 4213 dei
813 4159 891 4214 luens
911 4158 1091 4232 sophisticus.
1119 4175 1169 4232 pro
1193 4158 1280 4214 salute
1300 4158 1419 4214 fraterna
1443 4157 1500 4212 ani·

211 4261 278 4299 mum
297 4244 413 4299 alierunt
436 4261 490 4299 non
513 4260 573 4298 enm
594 4244 639 4316 qui
664 4243 699 4297 sit
721 4243 820 4299 Christi
844 4244 931 4298 honus
944 4243 1030 4305 odor,
1052 4242 1192 4298 eharitatis
1208 4253 1348 4316 unguento
1365 4241 1499 4303 redolens.

211 4328 252 4384 red
273 4329 319 4402 qui
348 4335 419 4384 tetro
449 4327 644 4401 mortiferaque
676 4327 770 4382 habitu
797 4328 903 4383 invidiae
932 4337 1075 4400 grassetur
1101 4328 1128 4382 in
1154 4328 1257 4384 viscera
1283 4328 1405 4402 proximi.
1452 4329 1555 4383 sea-§.o-

211 4413 251 4468 let'
272 4413 338 4484 mihi
363 4413 448 4468 adhue
471 4413 498 4466 in
521 4413 650 4467 memoria
673 4413 794 4468 aariditunt
817 4433 831 4468 a
855 4430 895 4467 ine
925 4413 1044 4468 Coloniae
1072 4413 1296 4469 immanissimum
1319 4415 1419 4469 lactum
1439 4412 1501 4486 plus

211 4514 287 4571 uuam
310 4497 528 4570 sanguinarium.
557 4496 590 4551 ab
614 4497 777 4553 llochstrato
804 4497 906 4552 editum
931 4498 958 4553 in
980 4497 1122 4554 Germania
1153 4498 1289 4557 inferiori,
1316 4498 1388 4571 quod
1410 4515 1502 4552 recor·

211 4581 272 4637 lans
293 4581 433 4637 horresco.
468 4598 522 4654 quo
544 4582 630 4653 magis
652 4581 700 4636 tibi
722 4582 868 4636 cavendum
889 4582 942 4636 erit
964 4601 978 4637 a
1002 4582 1078 4637 salsis
1101 4582 1231 4637 iratribus
1254 4582 1414 4654 sangninem
1440 4582 1501 4637 sici·

211 4666 327 4727 entibus,
358 4667 385 4720 ui
414 4667 485 4722 lorte
509 4666 576 4722 inito
600 4666 651 4721 iam
674 4675 761 4721 tecum
784 4666 894 4721 elacreto
921 4665 1044 4740 exemplo
1066 4665 1146 4721 llnssi
1170 4667 1203 4722 de.
1234 4666 1357 4738 augendo
1387 4683 1499 4721 nurnero

211 4749 421 4808 Christianorum
436 4752 586 4807 martirum.
623 4768 706 4824 aquo
723 4751 867 4824 proposito
880 4749 902 4806 si
915 4769 1023 4824 possem
1043 4758 1068 4804 te
1084 4758 1248 4804 averterem:
1272 4750 1409 4821 quomodo
1427 4749 1497 4804 enim
1509 4750 1554 4801 §.a

211 4931 288 4982 CLX.
312 4933 335 4981 E
355 4933 414 4982 cod.
428 4934 485 4983 MS.
498 4933 564 4984 bibl.
576 4933 667 4982 daical.
679 4932 828 4992 Cothonea,
848 4933 939 4981 medio
952 4937 983 4980 nt
999 4931 1109 4981 ridetur
1120 4945 1185 4979 saec.
1200 4946 1259 4979 xvn
1272 4930 1378 4994 scripti,
1394 4928 1500 4978 ‘Chart

275 5017 308 5067 B.
321 5032 348 5083 n.
362 5016 413 5066 20!
426 5018 461 5067 4⁰.
476 5017 534 5067 loll.
551 5014 681 5067 leuitt
694 5017 766 5066 hanc
786 5017 873 5066 adhuc
893 5016 1025 5065 ineditam
1046 5011 1077 5078 [i]
1097 5014 1245 5079 epistolam
1259 5014 1430 5078 transcripsi.

272 5200 319 5235 Μ
337 5202 381 5252 Sic
397 5205 424 5253 in
436 5205 489 5266 fine
507 5208 622 5269 epistolae
639 5205 714 5255 dedet
732 5206 789 5254 cod.
843 5202 862 5237 ¹¹
883 5219 952 5267 eque
970 5204 1027 5254 eod.
1040 5209 1067 5251 ut
1079 5218 1149 5266 saepe
1163 5219 1177 5252 c
1189 5219 1238 5266 pro
1251 5218 1266 5266 a
1279 5202 1348 5266 qnod
1357 5200 1447 5265 ubique
1459 5205 1498 5247 tu·

211 5291 254 5338 otte
271 5289 410 5338 emendari.
445 5295 555 5353 ceteram
577 5290 784 5353 orthographiam
806 5289 863 5339 eod.
883 5290 990 5347 retinui,
1014 5293 1040 5335 ut
1064 5303 1144 5351 cpro
1164 5291 1188 5349 t,
1212 5287 1222 5335 i
1243 5301 1292 5349 pro
1315 5300 1333 5347 y
1355 5291 1380 5332 et
1397 5286 1497 5333 similia.

211 5370 262 5405 Μ*
279 5371 491 5439 Sentimentnm]
516 5373 560 5423 Cf.
585 5374 619 5423 de
643 5372 697 5422 hac
714 5374 821 5424 Loran.
841 5376 869 5422 at
886 5370 981 5421 Calon.
1000 5371 1229 5421 condemnatione
1247 5367 1394 5419 doctrinali
1414 5384 1437 5417 e.
1457 5384 1498 5432 gr.

211 5457 322 5508 taenari
340 5439 472 5520 Schriften
490 5475 536 5507 vim
560 5459 661 5507 Wolcd.
679 5458 737 5506 XV.
757 5473 784 5506 n.
803 5456 863 5505 4¹21.
937 5455 960 5486 ³⁰
978 5453 1070 5520 poeta]
1090 5453 1127 5503 ci.
1146 5452 1252 5518 Vergil,
1270 5454 1338 5531 Aen.
1356 5452 1419 5500 vlt.
1437 5451 1497 5502 281.

211 5541 224 5575 ¹¹
239 5542 407 5604 inccneeod.
448 5540 699 5607 8‘PnullLepad
713 5542 818 5591 Conll.
834 5539 874 5589 15,
915 5538 937 5571 ³⁸
951 5521 1176 5605 falsidiffiseod.
1213 5533 1364 5603 ⁸⁸qnom.]?
1378 5517 1496 5604 auocati.

262 5628 396 5677 Hennam
410 5624 479 5676 Orr.
493 5640 556 5675 von.
571 5626 593 5675 I.
1227 5621 1268 5683 22
