3625 7050
235 1241 384 1292 CLXXIX.
404 1253 505 1290 anonis
516 1252 872 1290 1.ana1.nnnr.iioe.sn.n.
882 1247 978 1290 tarra.
989 1248 1046 1289 tato.
1066 1239 1197 1291 CLXXX.
1204 1251 1326 1289 annnam
1336 1251 1413 1287 naar.
1452 1219 1525 1292 363

233 1416 294 1478 dem
317 1415 404 1489 ipsius
428 1420 531 1477 tanturn
554 1412 779 1470 contumeliarum
809 1413 836 1468 in
865 1414 934 1469 hanc
962 1422 1082 1470 sanctam
1108 1414 1198 1469 sedem
1220 1412 1377 1472 condricus,
1408 1420 1438 1466 ut
1460 1410 1528 1467 indi·

233 1501 373 1574 gnissimis
403 1507 431 1554 ct
459 1498 540 1554 rebus
562 1507 597 1554 et
619 1498 708 1554 verbis
731 1499 820 1554 omnia
842 1500 897 1554 sint
921 1499 1035 1561 retorta,
1064 1498 1147 1566 (tarem
1170 1499 1216 1571 qui
1239 1499 1271 1553 ad
1294 1515 1345 1552 uos
1367 1495 1526 1556 attuleruut,

234 1603 295 1642 curn
318 1592 346 1640 ct
367 1583 436 1639 aiios
459 1602 488 1640 sc
511 1583 632 1639 eiusdem
655 1582 740 1638 iibros
764 1583 863 1639 habere
885 1584 1005 1640 dicerent
1033 1583 1173 1657 aliquanto
1199 1583 1363 1642 deteriores.
1394 1581 1445 1654 ipsi
1469 1580 1528 1654 qui·

233 1671 295 1726 dem
318 1670 367 1724 viri
390 1668 542 1741 gravissimi
564 1677 592 1723 ct
614 1668 762 1724 doctissimi
792 1669 912 1740 graviter
936 1670 1064 1725 commoti
1087 1677 1114 1724 et
1137 1668 1278 1740 egerrime
1301 1667 1420 1722 terentes
1442 1681 1529 1738 popo·

235 1761 347 1812 sacrum
369 1771 385 1809 a
407 1753 487 1808 nobis
509 1754 634 1815 omnino,
658 1761 688 1809 ut
710 1753 854 1808 severitate
877 1754 951 1808 ornni
974 1762 1075 1808 tautam
1098 1752 1272 1808 acerbitatem
1294 1752 1411 1807 hominis
1434 1766 1528 1824 partim

234 1839 352 1896 modesti
374 1838 557 1895 vindicandam
579 1847 746 1911 putaremus.
788 1839 835 1893 scd
857 1854 909 1893 nos
931 1856 963 1893 ex
985 1847 1078 1893 nostra
1100 1847 1129 1893 et
1151 1836 1301 1911 apostolica
1324 1834 1530 1892 mansuetudine

234 1925 288 1981 etsi
311 1941 368 1979 rem
391 1923 500 1979 minime
522 1922 717 1996 probabamus,
746 1930 835 1978 tamen
858 1940 918 1978 cum
942 1940 1140 1995 quereremus,
1170 1923 1279 1996 quinam
1302 1920 1347 1977 illc
1370 1927 1458 1981 esset,
1490 1919 1529 1973 in·

235 2008 390 2066 telicximus
412 2025 473 2063 eum
495 2008 754 2080 circumspectionis
770 2015 824 2062 tuas
847 2006 1006 2062 familiarem
1029 2025 1103 2069 csse,
1127 2009 1192 2080 quin
1209 2008 1288 2062 etiam
1308 2005 1386 2061 nubis
1403 2013 1529 2060 ostensus

235 2093 314 2150 locus
341 2102 397 2154 est.
425 2093 574 2165 impressos
603 2092 654 2146 hos
683 2092 769 2147 libros
798 2089 901 2148 scilicet
931 2093 958 2146 in
980 2092 1089 2147 civitate
1111 2101 1157 2146 tua
1180 2091 1317 2164 bioguntia
1341 2090 1438 2150 fuisse,
1469 2105 1529 2161 quas

225 2189 281 2234 *rcs
305 2194 429 2250 magnam
453 2177 480 2231 in
503 2176 583 2233 uobis
605 2177 750 2231 commorit
772 2177 992 2237 admirationem,
1021 2194 1080 2232 cmn
1110 2194 1158 2232 uec
1187 2185 1284 2232 noster
1312 2176 1338 2231 iu
1366 2175 1531 2246 circumspe-

235 2263 355 2319 ctionem
379 2270 452 2317 tuam
475 2270 624 2341 perpetuus
647 2269 674 2317 et
698 2260 844 2331 singularis
867 2278 944 2316 amor
971 2262 1082 2317 credere
1110 2278 1161 2316 nos
1189 2261 1291 2317 sineret
1315 2269 1341 2314 te
1364 2259 1471 2315 notente
1494 2258 1531 2311 ita

235 2365 298 2403 csse
320 2347 435 2407 iactum,
459 2354 487 2401 et
509 2364 554 2401 res
577 2346 635 2419 ipsa
657 2362 727 2418 pene
748 2353 862 2418 cogeret
883 2346 957 2401 credi
980 2354 1043 2401 aute
1066 2345 1160 2401 ocules
1184 2351 1261 2406 tuos,
1292 2345 1319 2398 in
1342 2344 1406 2399 sedo
1429 2351 1488 2403 tua,
1515 2359 1532 2396 a

236 2440 284 2489 tuo
307 2431 458 2487 domestico
481 2439 508 2485 et
531 2429 656 2485 familiari
679 2448 733 2486 nou
757 2431 879 2503 potuisse
902 2431 944 2485 cdi
968 2438 1072 2485 tantum
1096 2429 1184 2485 scetus
1208 2430 1234 2484 in
1257 2436 1380 2501 apertum
1404 2436 1430 2482 te
1453 2427 1531 2498 igno·

235 2524 323 2571 rante.
368 2515 462 2588 itaque
483 2532 543 2570 cum
567 2515 594 2570 in
618 2532 675 2570 eam
698 2515 790 2588 potius
814 2515 969 2588 opinionem
991 2514 1171 2577 declinemus,
1201 2515 1258 2569 hare
1285 2513 1317 2568 ad
1347 2521 1419 2567 tuam
1445 2511 1531 2566 scieu-

225 2601 303 2657 uiam
326 2618 382 2656 uon
405 2600 574 2673 pervenisse,
598 2599 741 2655 hortamur
761 2600 1031 2672 circumspectionem
1055 2609 1126 2654 tuam
1151 2601 1176 2654 in
1199 2599 1323 2659 domino,
1347 2605 1374 2652 et
1389 2595 1423 2650 ab
1438 2595 1529 2650 cadem

235 2703 289 2759 qna
312 2694 340 2741 te
363 2685 557 2758 prosequimur
578 2682 766 2740 benevolentia
790 2684 966 2756 requirimus,
996 2692 1025 2738 ut
1048 2685 1223 2756 interponere
1246 2682 1434 2737 anctoritatem
1457 2688 1530 2734 tuam

234 2769 400 2842 efiicercqun
423 2768 503 2831 reiis,
534 2777 565 2823 ut
587 2769 680 2824 talium
702 2786 859 2842 compressa
883 2769 1048 2829 temeritate,
1073 2786 1133 2840 rpuae.
1156 2768 1184 2823 in
1207 2768 1275 2822 banc
1298 2772 1416 2823 sanctam
1440 2765 1532 2819 sedem

234 2854 339 2927 iniquis
362 2853 457 2910 animis
479 2853 644 2914 efferuntur,
667 2862 714 2908 aut
737 2854 768 2909 ad
791 2853 950 2908 modestiam
973 2870 1002 2907 se
1024 2858 1197 2913 convertant,
1221 2860 1269 2907 aut
1290 2869 1321 2906 ca
1344 2851 1369 2905 in
1386 2848 1531 2905 maledicos

233 2938 391 2994 severitatis
414 2946 467 2994 tuae
490 2938 587 2993 iudicia
610 2938 739 3000 edantur,
769 2956 829 3010 quar
853 2946 880 2993 et
904 2938 978 3010 ipsos
1001 2946 1029 2993 ot
1050 2945 1166 2993 caeteros
1191 2936 1299 3010 possint
1320 2954 1335 2990 a
1359 2942 1433 2989 tauta
1455 2942 1533 3006 petu-

225 3021 322 3080 'iantia
343 3039 479 3079 coercere.
523 3022 599 3090 Quod
622 3022 874 3095 circumspectionis
902 3030 956 3077 tuce
979 3023 1077 3077 honori
1101 3022 1225 3095 inprimis
1247 3039 1277 3076 ac
1299 3019 1440 3092 dignitati,
1472 3035 1532 3090 qirae

231 3108 318 3165 huius
334 3115 435 3164 sanctae
454 3107 526 3163 sedis
549 3106 639 3163 nobile
662 3107 811 3163 membrum
834 3116 889 3167 est.
913 3107 966 3162 crit
988 3114 1218 3162 cousentaneum.¹
1246 3107 1340 3161 batum
1356 3104 1447 3159 Roma
1463 3103 1533 3175 apud

229 3200 360 3249 sanctum
382 3191 493 3248 Petrum
516 3191 566 3247 sub
594 3191 694 3248 annulo
717 3191 864 3247 Piscatoris
892 3191 937 3247 dio
960 3192 1011 3246 xtt.
1039 3191 1097 3246 iulii
1120 3192 1218 3247 MDXX.
1241 3189 1417 3245 Pontificatus
1446 3186 1533 3243 nostri

229 3295 309 3334 anno
335 3285 439 3334 octavo.
1236 3274 1271 3331 la.
1295 3272 1446 3330 Sadotetus.

754 3537 763 3555 ⁸
789 3524 982 3600 CLXXX.

306 3659 421 3722 Statim,
441 3676 476 3709 ne
495 3661 650 3727 argumenti
670 3664 905 3713 continuationem
925 3664 1170 3728 interrumpamus,
1194 3659 1359 3710 subicienda
1378 3675 1439 3708 esee
1458 3659 1534 3709 vide-

225 3751 293 3807 tur,
316 3745 442 3809 quamvis
459 3745 543 3810 paulo
561 3751 624 3811 poet
642 3748 748 3812 scripta
766 3749 815 3810 sit,
836 3748 991 3812 praesertim
1011 3762 1071 3797 cum
1090 3735 1162 3795 diein
1183 3747 1244 3811 ipsa
1262 3761 1316 3795 non
1336 3744 1448 3804 indicet,

249 3860 461 3941 [noarurrnfl
1268 3861 1305 3926 [a.
1320 3864 1391 3911 ivn?
1405 3876 1430 3910 a.
1447 3859 1516 3924 tara]

528 4002 666 4059 aincurt
688 4003 870 4059 MOGb'NTin
893 4004 935 4058 ab
956 4002 1089 4059 Leonem
1111 4004 1140 4058 X.
1164 4004 1192 4058 P.
1215 4003 1245 4059 R.

607 4103 750 4167 responsio
771 4099 844 4151 1520.
865 4117 896 4150 ex
916 4101 993 4151 MSS.
1013 4100 1167 4165 Capitonis.

323 4222 481 4277 Beatissimo
503 4232 582 4295 pater
604 4230 631 4278 et
652 4225 772 4285 dominc,
801 4225 910 4280 domine
932 4223 1155 4285 clementissime,
1185 4232 1248 4297 post
1270 4222 1419 4278 humillima
1441 4222 1591 4278 ticcio-tn.

227 4325 297 4363 runi
321 4308 420 4380 pedum
444 4306 545 4363 oscula.
592 4308 722 4365 bicesimo
749 4310 845 4382 quinto
873 4309 916 4364 die
939 4307 1065 4365 Octobris
1093 4309 1183 4383 accepi
1214 4309 1334 4382 quinquo
1364 4307 1454 4363 brevia
1483 4325 1535 4380 qua

226 4394 317 4449 dccet
349 4394 499 4447 reverentia
529 4401 557 4447 et
586 4392 775 4450 observatione
803 4412 817 4449 a
847 4394 996 4450 reverendo
1024 4393 1134 4449 domino
1163 4393 1265 4448 biariuo
1288 4392 1442 4449 Caraccioio
1471 4401 1498 4488 et
1521 4411 1536 4448 a

228 4556 394 4607 4=rtutt
408 4556 518 4606 biiineh.
539 4557 590 4606 111.
610 4574 635 4622 p.
650 4556 708 4606 567.
720 4573 761 4622 sq.
782 4558 828 4621 (aar
845 4559 980 4622 Baraba),
1007 4561 1053 4625 qui
1078 4560 1221 4624 inscripsit
1245 4561 1461 4625 „Fragmentum
1481 4560 1538 4623 epi·
1560 4544 1568 4553 “

227 4641 319 4693 stolae
339 4641 443 4690 Leonis
461 4642 494 4690 X.
520 4642 554 4690 nd
573 4641 715 4692 Albertum
782 4644 810 4691 in
834 4658 887 4707 qua
911 4644 946 4693 de
964 4645 1082 4693 Hutteni
1105 4644 1237 4693 adversus
1256 4644 1366 4693 Curiam
1387 4645 1537 4693 itomanam

228 4725 441 4777 tentaminibus
459 4725 703 4776 vehementissimo
721 4728 856 4791 queritur,
882 4730 997 4793 eiusque
1015 4729 1220 4792 oppressionem
1241 4732 1380 4793 exoptat'’.
1405 4729 1536 4788 t‚,Abrab.

227 4809 383 4861 Scuttetus
404 4808 504 4859 Annal.
524 4811 660 4876 Euangel.
685 4828 777 4861 renov.
801 4814 870 4861 Dec.
890 4813 913 4861 1.
938 4813 973 4861 ad
997 4828 1061 4862 ann.
1083 4811 1155 4861 1520.
1181 4829 1214 4860 ex
1238 4812 1410 4878 autographo
1434 4814 1538 4863 Leonis

597 4902 729 4962 excerpta
748 4898 873 4960 quoedam
891 4896 1033 4945 dcdcrat'’.
1054 4896 1186 4958 annexa.)

227 5011 374 5063 CLXXX.
416 5012 551 5062 Dedimus
574 5013 646 5063 hanc
672 5032 714 5080 ep.
740 5031 773 5064 ex
805 5014 829 5078 l)
849 5014 963 5064 Gerdes.
987 5013 1005 5064 l.
1029 5032 1058 5092 c.
1078 5015 1114 5064 11.
1139 5032 1165 5080 p.
1187 5014 1300 5077 ta...14.,
1330 5016 1401 5065 unde
1425 5016 1539 5081 repetiit

225 5097 260 5162 ⁸2)
274 5095 431 5148 Christian.
442 5097 667 5164 Wilepieker,
684 5101 772 5150 Geacb.
786 5101 835 5149 Dr.
850 5101 949 5149 Martia
963 5101 1082 5149 ertlrers.
1096 5100 1187 5150 Deroi.
1202 5098 1276 5150 1818.
1290 5098 1350 5150 8.1.
1363 5099 1537 5165 p.tot...1oo.

472 5184 638 5246 appendicia,·
657 5200 690 5233 ex
707 5184 760 5234 hoc
779 5183 805 5246 3)
823 5186 903 5234 Hutt.
923 5184 1034 5234 Miinch.
1055 5184 1106 5233 111.
1126 5202 1152 5250 p.
1165 5183 1306 5236 eoo...57·2.

305 5315 419 5380 ³quum
440 5321 465 5367 3.
485 5321 565 5368 etate
583 5320 661 5383 tnsru.
713 5319 878 5386 ⁴egerrime
897 5326 923 5371 2.
976 5319 1044 5386 ⁵ut]
1064 5329 1092 5370 ot
1112 5325 1136 5371 1.
1188 5320 1364 5384 'probamus
1383 5324 1408 5370 4.
1455 5320 1537 5371 ⁹sci·

229 5402 307 5452 licet
325 5404 437 5452 orum.
518 5404 666 5469 Magantia
684 5407 709 5456 2.
786 5403 808 5437 ¹¹
826 5423 904 5471 paene
925 5409 950 5455 3.
1028 5405 1048 5437 ¹⁶
1067 5405 1257 5456 benivolentia
1276 5410 1302 5457 2.
1373 5405 1393 5438 ¹⁷
1411 5411 1538 5456 sanctam

229 5490 307 5539 omia.
330 5489 355 5535 1.
369 5488 395 5535 3.
464 5485 484 5518 ¹⁹
503 5488 558 5538 ind.
578 5494 634 5540 tuae
653 5505 709 5541 sev.
730 5492 788 5539 Η.
853 5489 875 5523 ²⁰
894 5492 1042 5543 cohercere
1061 5494 1121 5542 Μ.
1197 5491 1332 5558 imprimis
1350 5496 1387 5541 2.·
1440 5491 1460 5524 ²¹
1480 5492 1537 5542 Do·

230 5577 293 5624 tum
313 5577 364 5621 etc.
385 5577 454 5622 omia.
473 5574 498 5622 4.
