3625 7050
218 1210 253 1260 1..
273 1225 357 1261 uvrr.
371 1222 408 1258 ao
421 1223 600 1259 uanancnrn.
613 1224 656 1258 nr.
688 1206 756 1258 CLI.
777 1221 1137 1257 coenomanensem.
1152 1221 1178 1255 n.
1191 1215 1212 1257 s.
1227 1220 1308 1256 aean.
1324 1216 1381 1258 15²0.
1420 1193 1489 1266 321

217 1377 397 1442 ebulonibus
420 1377 557 1440 barbaris
577 1376 756 1454 Capnionem
779 1376 864 1436 nobis
885 1377 1074 1446 Franciscus,
1102 1396 1189 1456 quem
1213 1378 1251 1437 ita
1277 1377 1316 1438 illi
1339 1378 1493 1446 dimittent,

217 1490 228 1541 t
258 1484 417 1561 pecuniam
445 1499 562 1559 quoque
591 1479 716 1540 soluturi
744 1479 810 1538 sint.
854 1479 890 1537 nt
914 1497 992 1539 nunc
1015 1477 1145 1539 scribere
1167 1478 1297 1539 Luthero
1321 1481 1383 1557 ipse.
1405 1480 1550 1541 trerosra.

216 1583 296 1652 ibet,
319 1582 415 1662 siquid
440 1583 469 1641 in
488 1599 590 1641 caussa
612 1599 664 1645 sua
685 1582 811 1657 patiatur
833 1579 961 1648 adversi,
987 1597 1043 1638 nec
1065 1580 1171 1647 melius
1192 1579 1309 1641 aliunde
1330 1583 1494 1642 remedium

217 1692 248 1752 l,
271 1685 309 1745 ad
330 1702 361 1744 se
382 1691 414 1743 ut
435 1684 545 1748 veniat,
572 1683 745 1746 ellecturum
768 1699 823 1758 pro
847 1700 881 1740 eo
904 1680 983 1758 quod
1006 1682 1112 1757 possit:
1139 1689 1235 1759 potest
1256 1689 1353 1743 antem
1371 1691 1493 1752 tantum,

217 1803 253 1844 ro
279 1783 428 1862 Capnione
460 1792 600 1863 quantum
630 1783 762 1860 perfecit.
807 1783 840 1843 ld
870 1783 968 1842 multis
1014 1785 1220 1843 tnecessariis
1248 1782 1285 1842 de
1314 1787 1409 1844 causis
1432 1804 1489 1845 non
1501 1795 1547 1845 §.a

217 1888 289 1955 icio,
314 1885 366 1946 tibi
388 1893 486 1946 autern
509 1884 621 1954 scribo,
643 1884 699 1943 hoc.
722 1885 839 1943 nomine
862 1882 945 1943 illum
967 1801 1012 1941 ule
1018 1901 1152 1953 moneas,
1176 1890 1375 1962 protectorem
1396 1905 1493 1956 suum,

217 1992 277 2047 rnta
299 1988 350 2065 qui
373 2006 405 2046 se
430 1987 609 2063 benignitate
637 1985 715 2046 ultro
737 1985 837 2053 ollert,
866 1987 982 2063 scriptis
1004 1991 1037 2044 ut.
1057 1984 1170 2045 salutet.
1217 1983 1310 2046 Crede
1333 1988 1419 2056 mihi,
1449 1991 1550 2054 visti.

217 2087 316 2148 liunde
338 2091 447 2149 certior
469 2088 547 2148 salus
569 2090 633 2147 erit.
678 2086 793 2146 Utinam
815 2087 928 2146 videres
950 2104 1016 2164 quaa
1037 2087 1153 2164 scripsit
1174 2088 1335 2148 monacbis.
1369 2088 1493 2151 Nudius·

217 2197 322 2252 uarius
344 2190 380 2251 ab
406 2189 455 2250 illo
482 2188 620 2250 descendi
648 2186 812 2255 Naustallo,
841 2186 892 2246 ubi
914 2188 973 2264 agit
1002 2205 1088 2247 nunc.
1134 2186 1251 2249 Curabo
1274 2188 1389 2249 Erasmi
1419 2209 1549 2269 quo-ga,
1615 2267 1621 2277 ἱ

218 2310 255 2352 ue
276 2293 433 2368 negocium
456 2290 510 2358 ibi,
534 2292 583 2369 qui
605 2307 728 2366 magnas
749 2289 821 2349 milri
841 2288 998 2363 tragedias
1020 2288 1057 2348 do
1078 2291 1138 2348 suis
1156 2289 1268 2351 aemulis
1285 2289 1395 2351 scribit.
1429 2292 1493 2352 Pri-

217 2412 279 2453 ium
302 2393 501 2453 conciliandus
523 2392 607 2452 nobis
630 2390 832 2451 Fordinandus
852 2396 910 2457 est,
939 2408 997 2467 quo
1023 2390 1059 2450 de
1081 2390 1255 2451 Franciscus
1285 2391 1361 2452 bene
1384 2396 1494 2454 mereri
1605 2473 1607 2476 .

217 2495 292 2555 estit.
339 2503 405 2572 post
431 2493 515 2555 laeile
544 2495 600 2554 erit
627 2493 775 2567 exagitare
801 2490 963 2568 improbos.
1008 2491 1170 2564 Lutlrerum
1198 2500 1276 2554 amat
1303 2493 1487 2563 Franciscus
1503 2487 1548 2562 §.a

217 2597 327 2656 rimurn
350 2598 418 2675 quia
439 2596 535 2656 bonus
560 2593 616 2654 sibi
644 2600 677 2655 ut
704 2594 810 2653 ceteris
834 2592 963 2660 ridet-ur,
993 2600 1021 2652 et
1043 2592 1080 2652 ob
1103 2592 1131 2652 id
1152 2595 1262 2654 invisus
1284 2592 1354 2661 illis;
1388 2593 1493 2655 deinde

217 2698 266 2758 uia
289 2715 359 2757 eum
380 2717 415 2758 ex
438 2696 593 2758 comitibus
615 2695 652 2755 de
674 2693 779 2754 Solmis
805 2694 924 2771 quidam
950 2694 1164 2755 commendavit
1189 2695 1290 2757 literis.
1336 2694 1495 2757 Confestim

217 2817 286 2859 rone
309 2799 421 2876 ipsum,
445 2817 481 2861 ne
502 2801 619 2875 ignoret
639 2796 718 2856 unde
738 2813 806 2873 spes
820 2797 864 2886 ‘sit
886 2802 915 2855 et
938 2796 1015 2856 unde
1033 2795 1126 2865 salus,
1150 2817 1184 2856 ac
1207 2797 1279 2858 vale.
1316 2815 1352 2857 ex
1373 2797 1494 2876 blogun-

217 2901 280 2960 iaco
303 2899 378 2962 Xlll.
400 2900 481 2962 Calo.
505 2899 593 2961 Febr.
618 2897 702 2958 Anno
729 2896 820 2959 1520.

217 3219 440 3255 'umentorum
795 3184 891 3259 CLI.
1287 3213 1308 3254 8.
1322 3221 1403 3256 rana.
1422 3214 1482 3256 tato.

459 3344 500 3398 10.
524 3342 705 3400 COCHLAEVS
726 3343 895 3399 utttuttuo
917 3343 1139 3424 PlllllllllElblEll
1162 3344 1188 3400 S.
1204 3344 1233 3399 P.

284 3462 347 3519 uuir
369 3462 527 3518 hisdiebus
550 3462 593 3518 hic
615 3461 715 3518 nobilis
739 3461 784 3516 ille
805 3461 956 3527 Huttenus,
980 3471 1008 3518 et
1031 3463 1139 3538 quidem
1161 3461 1211 3518 bis.
1234 3463 1355 3519 nuncin
1377 3464 1491 3538 patriam
1502 3486 1548 3538 gr,

217 3565 288 3605 rcenr
311 3548 488 3622 Steclrolperg
511 3548 611 3610 tendit,
642 3548 699 3603 beri
729 3548 791 3603 hinc
815 3550 967 3622 profectus.
1017 3549 1117 3605 llultos
1146 3566 1218 3605 nuno
1245 3566 1274 3605 se
1306 3550 1333 3604 in
1360 3551 1490 3624 proximis

217 3633 326 3689 midinis
348 3633 474 3706 dialogos
496 3632 533 3688 ait
557 3632 732 3692 emissurum,
764 3634 909 3688 secundam
931 3633 1058 3696 Febrem,
1089 3633 1213 3688 Trionem
1241 3633 1401 3697 Romanam.
1425 3635 1491 3691 For·

218 3734 307 3780 ruam,
336 3717 525 3791 lnspicientes.
556 3717 702 3773 Praedones
725 3725 775 3772 otc.
826 3718 931 3773 lnvenit
958 3728 1090 3791 praeterea
1121 3721 1148 3773 in
1177 3717 1342 3774 bibliotheca
1363 3718 1549 3789 l‘uldensip,2,
1611 3741 1621 3767 s

217 3803 339 3858 istoriam
362 3802 469 3858 llenriei
493 3802 583 3863 tertii,
608 3803 654 3875 qui
669 3802 801 3857 Caesarem
825 3820 935 3876 qnoque
958 3820 1111 3877 pugnarum
1133 3819 1247 3859 numero
1270 3820 1415 3876 superasse
1438 3805 1491 3859 ler-

217 3903 256 3949 rr:
279 3887 353 3942 addit
376 3887 434 3960 ipse
450 3886 610 3960 Apologiam
633 3894 727 3942 contra
745 3887 892 3942 liornanum
915 3888 1079 3961 pontilicem.
1124 3887 1189 3942 blira
1211 3887 1292 3942 bomo
1308 3888 1395 3943 utitur
1410 3880 1566 3956 liber·§,3,'

217 3978 255 4027 rte
280 3972 306 4027 in
330 3972 474 4027 asserenda
497 3971 646 4027 Germanica
669 3970 771 4044 gloria,
794 3972 1032 4028 vehementissimo
1055 3973 1171 4044 llagrans
1195 3971 1257 4027 odiu
1282 3972 1307 4026 in
1335 3971 1491 4045 pontificem

219 4072 356 4112 omanum.
399 4056 503 4111 Invenit
526 4056 607 4112 etiarn
629 4056 745 4112 Plinium
769 4057 911 4128 quemdam
933 4057 1003 4131 apud
1020 4056 1167 4112 l’uldenses
1190 4056 1217 4111 iu
1246 4055 1429 4118 naturalibus.
1458 4058 1549 4122 deur,

217 4158 253 4196 uo
276 4158 372 4214 magna
387 4142 533 4215 promittit.
578 4141 678 4214 Rogavi
694 4158 745 4214 ego
763 4158 838 4203 eum,
856 4148 886 4196 ut
901 4141 1054 4198 Cassiodori
1071 4142 1105 4197 sit
1121 4158 1234 4197 memor.
1278 4141 1355 4196 Brevi
1371 4159 1490 4204 uxorem,
1502 4158 1549 4207 to,

217 4227 219 4280 ζ
243 4243 292 4300 spe
315 4243 363 4282 sua
385 4227 519 4282 frustatus
548 4243 602 4281 non
632 4226 728 4287 luerit,
757 4226 888 4282 ducturus
917 4235 959 4282 est
987 4233 1015 4282 et
1043 4225 1162 4283 nobilem
1189 4234 1217 4282 et
1247 4225 1413 4300 opulentam.
1458 4230 1550 4294 Argo,

481 4375 550 4424 CLI.
581 4376 737 4424 Heumann.
758 4374 856 4436 (Indic.
870 4374 938 4425 bibl.
952 4391 979 4424 ιι,
991 4373 1043 4438 70.)
1062 4392 1088 4441 p.
1102 4374 1208 4426 aa...45.

217 4505 289 4556 rona
301 4498 351 4545 ooo
368 4493 532 4558 oriturarum
545 4508 551 4547 :
563 4500 605 4547 ms
620 4491 625 4560 1
640 4494 722 4547 mern
740 4496 776 4548 ori
792 4495 861 4561 octor
879 4492 1008 4558 amariter
1025 4496 1057 4548 oi
1075 4493 1223 4558 simiriaco,
1245 4483 1274 4557 air
1293 4492 1439 4560 cbnlblirg,
1458 4508 1492 4548 oo

217 4584 245 4630 rr
263 4577 338 4630 mirer
354 4579 500 4643 bzouintiot
523 4579 616 4642 paam
640 4586 688 4632 om
707 4565 1009 4648 eosdemnumeros
1031 4586 1116 4632 oroma
1134 4580 1246 4644 sturton
1268 4580 1358 4631 norton
1376 4576 1413 4632 ori
1430 4580 1492 4644 [un-

217 4659 330 4727 ellium
347 4656 438 4725 brion
457 4661 567 4724 §otrico
586 4678 635 4717 oon
652 4672 694 4716 arr
711 4665 867 4731 tonitrunm,
886 4666 942 4728 oud
957 4662 962 4731 Ι
977 4665 1082 4727 ostriger
1094 4671 1192 4725 orator.
1211 4676 1260 4715 ooo
1280 4676 1358 4726 orgen
1377 4674 1425 4716 ono
1444 4678 1491 4718 oo·

219 4760 260 4811 m,
277 4754 319 4799 ote
336 4745 518 4813 nominetenus
538 4755 586 4800 nno
605 4744 802 4803 orirbnirorbtcn
821 4754 880 4814 iero
899 4746 1001 4813 bobono
1020 4742 1171 4812 Utin-ltine
1191 4747 1271 4799 batert
1283 4745 1382 4809 benten
1399 4754 1491 4813 bonor,

217 4836 272 4886 incr
285 4838 411 4898 aaaron
425 4830 602 4899 disruperint
621 4835 706 4898 butten
725 4834 784 4897 ιβ’,
804 4836 866 4883 dato
886 4832 1009 4899 „grantae
1022 4833 1088 4899 urgit
1102 4834 1156 4895 nont
1169 4831 1223 4895 [ont
1239 4828 1244 4897 l
1259 4828 1364 4895 ctorota,
1381 4838 1422 4883 aaa
1436 4835 1493 4896 troi·

217 4931 261 4983 gen
273 4918 378 4983 waiteis
391 4916 446 4982 dog
458 4917 540 4981 &nnn
553 4933 582 4972 ar.
596 4921 641 4982 gir.
658 4916 663 4987 Ι
678 4918 814 4970 4⁰.lfoll.
856 4916 1334 4981 ¹Franciecue(aSickingenl3.4.
1381 4915 1492 4966 ³crursa

217 5005 256 5053 ,4.
314 5000 345 5034 Μ
362 5009 470 5054 tantum
488 5020 536 5069 pro
556 5005 711 5070 (rapotone,
732 5002 900 5069 quantunrl.
965 5002 1085 5051 ⁸acribo
1104 5001 1296 5064 becumine,
1322 5000 1447 5050 illumut
1466 5005 1490 5052 5.

217 5091 352 5140 aornim.
408 5088 490 5153 ⁹que
503 5090 537 5139 A.
552 5092 577 5139 2.
642 5088 908 5139 ⁹Na11stoltoa...5.
939 5085 1433 5146 DearceLanustuhteroeNanstatt,
1454 5088 1491 5137 11.

217 5177 304 5225 titurio
323 5175 406 5225 Germ,
426 5192 442 5222 α
463 5174 545 5223 Latro
559 5176 679 5225 erasmo
698 5172 945 5239 (Kaisersleutem)
964 5174 1087 5229 distante,
1106 5187 1188 5221 semro
1207 5177 1253 5219 eat.
1308 5168 1329 5201 ¹⁰
1347 5172 1490 5236 tragedias

218 5262 268 5310 ,2.
323 5258 420 5309 emulis
433 5259 468 5308 A.
483 5263 508 5308 2.
566 5259 585 5291 ¹¹
604 5258 726 5324 Fordin.]
747 5261 863 5308 Aristrioe
881 5258 1023 5307 archidux:
1036 5256 1078 5306 Ol.
1092 5271 1119 5305 n.
1134 5256 1214 5305 CLV.
1273 5252 1293 5285 ¹²
1311 5251 1377 5319 illis]
1396 5259 1489 5320 impro-

217 5364 239 5399 ι.
297 5344 318 5379 ¹³
335 5346 439 5396 litteris
454 5349 478 5395 3.
533 5343 858 5410 ¹⁶0t11n‹1espes3...5.
912 5343 1130 5409 moguntiacos.
1241 5403 1244 5410 Ι

259 5430 282 5463 ²⁸
301 5429 389 5497 tertii]
408 5434 478 5481 imario
498 5435 591 5497 prrortt.
611 5432 737 5496 Loquitur
751 5431 777 5480 C.
790 5432 832 5490 ¹de
849 5429 914 5479 libro
935 5425 977 5478 ‘de
995 5428 1104 5476 unitate
1128 5424 1256 5474 eeclesiae
1280 5426 1488 5490 commanded,

217 5520 237 5568 ri
252 5533 283 5566 rr.
298 5516 396 5566 Martio
415 5534 439 5567 a.
455 5514 528 5565 1520.
549 5516 691 5582 lloprmtue
708 5517 814 5581 prodiit.
875 5511 897 5545 ²⁶
916 5514 944 5563 in
962 5510 1031 5578 not]
1050 5513 1074 5561 Ιι.
1088 5529 1111 5562 e.
1126 5512 1253 5561 IIr‘atorioe
1264 5513 1389 5560 naono
1401 5510 1489 5564 tidros.

248 5603 381 5655 Hvrrarn
400 5600 469 5654 Orr.
489 5616 552 5654 vor..
566 5603 588 5653 1.
1230 5592 1267 5656 21
