3625 7050
327 1219 435 1271 CCXII.
455 1235 524 1271 nans
538 1235 655 1272 minoen
669 1235 715 1273 cvi
729 1235 900 1273 insonnenvn
914 1236 1113 1275 nocnsnnnnvs
1128 1238 1225 1275 ovino.
1246 1230 1303 1274 ism.
1385 1208 1452 1284 441

168 1398 246 1454 solus
270 1411 328 1468 per
355 1398 467 1469 intepra
485 1399 691 1468 'supernonere
718 1398 845 1453 conoinio
874 1398 1019 1470 loquutur,
1050 1414 1106 1453 nou
1134 1398 1224 1454 solum
1252 1400 1367 1469 Latine,
1400 1405 1460 1471 sed,

169 1485 246 1556 qteod
263 1498 424 1552 pirenorum
448 1488 503 1550 cst,
533 1484 620 1537 rriidtu
644 1483 799 1538 Homerico
821 1484 939 1538 subinde
962 1484 1126 1538 modulatur
1148 1500 1213 1540 coco
1235 1500 1354 1554 sonora,
1376 1490 1461 1558 pesti-

169 1571 280 1624 culanti
302 1568 379 1622 nullu
402 1568 510 1637 sibique
533 1569 702 1638 impotenter
724 1570 893 1631 blandienti,
918 1586 1090 1639 qieomauam
1114 1571 1153 1623 ad
1170 1574 1350 1639 propositum
1373 1590 1460 1644 uryn-

170 1661 293 1709 mcntum
322 1670 392 1707 roro
421 1668 485 1722 qecce
511 1652 629 1723 profert
657 1655 809 1723 quadrent.
855 1654 921 1708 lndc
943 1661 985 1708 cst
1008 1654 1043 1708 ab
1065 1655 1194 1709 omuibus
1219 1660 1459 1723 consentiendum,

150 1741 240 1794 static
262 1754 312 1809 epo
334 1753 446 1808 quoque
468 1740 603 1808 tcirnpadu
627 1741 726 1805 trado,
750 1746 916 1793 nontamen
941 1757 957 1791 a
980 1740 1127 1793 curriculo
1142 1742 1199 1795 nisi
1213 1749 1341 1797 mortuus
1356 1745 1461 1805 disces-

169 1838 271 1887 surus,
306 1822 382 1876 deinc
411 1824 513 1889 orabo,
544 1830 610 1893 post
638 1840 680 1876 me
710 1825 737 1877 in
767 1839 886 1877 cinereum
924 1826 1071 1894 inpressas
1106 1840 1168 1877 meo
1195 1832 1275 1897 aesta
1303 1830 1460 1900 confirmet.

171 1908 301 1963 Siebsidio
329 1909 437 1961 mittam
463 1910 608 1978 pronimis
635 1910 733 1962 dicbus
762 1908 914 1962 Ortuimcm
937 1909 1109 1974 Graculum,
1135 1927 1299 1979 praeconem
1322 1913 1462 1985 theoloye-

171 2012 249 2058 rum,
273 1992 429 2063 tlteolopum
453 1995 560 2062 ipsum,
590 1995 638 2047 cui
659 2010 735 2047 rrum
759 1999 868 2047 tantiam
891 1995 941 2048 otii
962 2011 1018 2047 non
1041 2002 1083 2048 est
1105 2002 1136 2047 ut
1158 1997 1247 2063 adsit,
1276 2016 1341 2052 nam
1366 2001 1393 2053 ci
1413 2013 1460 2051 oc·

170 2078 356 2135 caralnndum
384 2080 445 2132 sine
472 2078 622 2136 intervallo
651 2085 757 2132 tenera
785 2080 950 2144 cicercula,
982 2077 1093 2148 ferenti
1123 2080 1216 2134 denuo
1249 2090 1362 2137 uterum
1395 2098 1462 2137 moa

135 2163 358 2236 ¹0parturitioni
385 2170 537 2217 maturum.
587 2161 751 2217 Adlia’retiit
778 2164 943 2218 individuus
972 2164 1079 2217 sodalis
1107 2162 1213 2219 Eccius
1240 2175 1345 2234 noster,
1370 2179 1461 2239 'aliem

171 2249 287 2320 quidum
311 2248 468 2315 Lipsiensis
490 2248 618 2316 sophista
641 2248 796 2301 nominarit
819 2249 851 2300 oli
875 2249 965 2303 (cicinni
986 2247 1075 2301 robur
1094 2249 1246 2316 lleccium,
1270 2257 1320 2322 qui
1341 2253 1376 2306 al)
1392 2255 1462 2308 serbe

171 2348 305 2388 resersus
334 2335 414 2386 occulo
443 2334 471 2386 in
495 2331 601 2386 lllisniu
628 2349 695 2386 suos
723 2333 882 2402 triumphos
910 2334 1072 2400 etncccinat,
1107 2336 1189 2387 cilices
1218 2338 1367 2402 modestia,
1398 2337 1461 2410 for-

171 2418 277 2474 tissime
294 2417 363 2481 Lec,
387 2425 523 2486 diecentum
549 2419 681 2471 momenti
702 2418 829 2471 cctticlerit
852 2419 891 2471 nd
908 2417 1116 2489 prohibendam
1141 2420 1287 2474 ueritatem
1311 2437 1391 2475 nemo
1413 2437 1461 2476 uc·

171 2505 232 2558 scit.
280 2500 353 2567 Quid
375 2503 480 2556 ucittum
503 2503 603 2556 ducis?
648 2509 729 2549 ωδ·-
761 2501 841 2568 Quod
862 2503 1026 2557 modestiam
1049 2502 1133 2556 Eccii
1158 2505 1239 2559 toties
1266 2522 1385 2575 crepas,
1414 2508 1465 2577 qni

138 2587 359 2656 torinifidentio,
384 2589 521 2652 reicdaeiu,
546 2589 703 2640 temeritate
727 2586 814 2641 Leum
836 2595 863 2641 et
885 2588 1071 2642 Erostrntum
1098 2588 1124 2641 si
1144 2604 1199 2641 non
1222 2598 1356 2659 superat,
1385 2598 1463 2645 certe
1514 2614 1520 2621 ·

170 2673 304 2744 foeliciter
319 2677 430 2741 ccqnnt:
458 2672 662 2741 irnpudentiam
680 2671 762 2726 Eccii
782 2673 932 2726 dicendum
952 2679 1031 2740 puto.
1072 2679 1214 2723 [loclesse.
1243 2675 1305 2729 Nou
1322 2691 1461 2746 repupno,

171 2757 223 2811 sed
244 2756 341 2809 centem
365 2764 406 2810 est
428 2758 579 2821 modestia,
607 2757 744 2826 siquidem
767 2759 796 2810 in
818 2757 923 2811 scliolis
944 2762 987 2810 est
1008 2771 1119 2810 summa
1142 2759 1278 2814 modestia
1298 2761 1406 2814 nnllmn
1422 2767 1459 2813 tc·

172 2855 241 2895 uere
265 2842 390 2907 inerdum,
421 2859 478 2912 quen
501 2842 564 2894 dole
587 2842 711 2896 ‹ibiendct
736 2842 838 2896 Eceius
862 2841 1016 2895 secundum
1042 2842 1240 2910 Eroslratum,
1274 2846 1358 2915 idque
1380 2846 1462 2900 benc-

170 2926 238 2996 ficio
266 2927 326 2979 ara
349 2926 537 2990 l’crnicacia’,
567 2943 631 2996 aeia*
653 2926 751 2980 relicto
773 2916 876 2997 ¹fratre
897 2941 950 2980 suo
973 2924 1067 2978 lllarlc
1090 2934 1187 2981 nostro
1209 2943 1239 2981 se
1261 2931 1368 3001 aymini
1388 2946 1462 2983 com-

138 3019 163 3057 ²0
174 3012 298 3076 miscuit,
319 3014 468 3081 pru’cipue
491 3010 560 3064 milii
580 3018 606 3065 et
626 3013 840 3080 precariacissimo
858 3011 959 3075 Eccio,
982 3013 1064 3064 cuius
1086 3012 1220 3080 beneficia
1242 3015 1288 3068 ille
1303 3016 1392 3068 eiiasit
1406 3015 1463 3069 dis-

169 3097 318 3166 putatione
358 3095 540 3160 Pannonica,
587 3095 688 3150 italica
722 3102 748 3149 et
783 3095 930 3151 Scenoriicu
962 3096 1105 3165 superior.
1158 3103 1281 3146 etmel).
1313 3098 1462 3168 Superior,

172 3181 229 3245 ais,
260 3181 310 3248 (μα’
334 3178 392 3249 fuit
415 3180 508 3234 italice
530 3181 666 3246 ludibrio,
696 3180 882 3235 Parmenitucs
901 3178 1064 3251 fastiditus,
1094 3195 1109 3233 e
1130 3183 1225 3251 produ
1251 3184 1388 3253 depulsus
1411 3182 1463 3237 Sa-

171 3265 312 3318 xonitnes?
358 3272 500 3314 [locetsra.
530 3264 652 3319 Hebetes
674 3264 761 3320 ludus
784 3280 888 3331 aceres,
919 3266 969 3336 qui
990 3279 1033 3317 me
1061 3265 1199 3319 nihildum
1221 3268 1362 3340 intelligis.
1407 3273 1463 3322 cte-

135 3409 142 3416 ,
172 3351 228 3402 nim
252 3364 354 3402 resera
376 3351 509 3417 superior
528 3347 587 3418 fuit
609 3350 714 3404 Eccius
735 3353 929 3416 caracutium,
952 3351 1091 3415 elamore,
1114 3351 1308 3421 impudentia:
1338 3353 1409 3407 acteo
1424 3351 1467 3406 illi

136 3444 163 3482 es
174 3439 259 3503 ateste
282 3433 351 3486 milei
373 3434 505 3487 menendi
516 3448 595 3503 spem
611 3436 729 3488 excreuit
745 3435 912 3489 Perricacia
928 3440 1042 3499 nostra,
1066 3451 1123 3504 qino
1137 3435 1270 3506 fer-nidus
1285 3437 1366 3491 cilina
1379 3442 1464 3506 atqiie

173 3520 253 3574 ailiiul
280 3525 425 3572 certamen
454 3519 586 3573 continuo
615 3520 749 3588 deposcit.
798 3521 832 3575 Et
858 3520 988 3590 qiecimnis
1014 3536 1077 3573 men
1103 3521 1196 3590 pieria
1225 3524 1296 3575 nicto
1320 3521 1465 3592 Cnpnioue

173 3605 242 3657 satis
264 3604 380 3674 floreat,
411 3609 504 3656 lanien
533 3619 595 3658 eum
626 3619 669 3656 inc
695 3611 795 3671 postca
825 3607 853 3658 iu
882 3606 1078 3673 ecpupnando
1102 3603 1228 3660 Ilutteno
1249 3607 1404 3676 profiteor,
1434 3612 1465 3660 ut

174 3706 228 3742 nem
252 3690 291 3741 ila
315 3687 384 3740 milei
405 3689 521 3742 andium
544 3690 580 3742 sit
602 3704 640 3742 ecc
663 3688 748 3741 helius
763 3691 888 3744 uictorice
909 3689 994 3742 laude
1009 3691 1203 3757 repetendum.
1234 3698 1358 3740 ll't'ttlll.
1382 3689 1464 3756 Qieid,

173 3774 303 3837 obsecro,
327 3774 511 3825 counneruit?
556 3780 696 3820 riocusra.
732 3772 815 3827 Utin
838 3788 901 3826 eum
927 3775 1053 3842 pessima
1075 3775 1209 3843 cnempla
1231 3775 1364 3829 edantur.
1415 3781 1463 3821 Μ’·

139 3865 260 3906 soeoca.
292 3856 381 3922 Oetam
409 3857 441 3911 oli
470 3864 550 3910 rem?
597 3865 737 3906 ltoausru.
769 3857 899 3924 Qua‘ris?
942 3856 977 3910 ln
1000 3859 1165 3926 pontificem
1194 3866 1235 3923 et,
1273 3860 1351 3929 quod
1375 3860 1466 3930 alapis

173 3942 267 4008 eloica,
297 3942 325 3994 in
349 3956 391 3994 nic
413 3942 529 4009 scripsit
551 3943 737 4007 odiosissime,
769 3942 841 3996 niliil
861 3944 969 3996 neritus
992 3943 1140 4010 utriusque
1168 3944 1342 4015 maiestatem
1372 3945 1466 3997 multis

174 4028 270 4081 ambos
292 4027 459 4080 criminibus
478 4027 576 4095 palam
599 4027 662 4079 orln'
682 4041 747 4079 reas
769 4029 840 4098 apd,-
872 4024 1001 4096 defendit
1023 4028 1057 4079 al)
1081 4026 1249 4080 Hermanno
1271 4030 1371 4082 comite
1388 4028 1464 4082 Nae·

174 4113 257 4165 nario
280 4110 462 4165 Erostratum
486 4112 600 4164 iamiam
623 4112 820 4164 imminentem.
865 4111 904 4163 Et
923 4112 1037 4179 pridem
1060 4125 1174 4180 epresso
1190 4110 1345 4166 lenonium
1366 4112 1466 4183 factus

174 4196 298 4261 anatem,
321 4209 393 4263 equo
409 4196 548 4261 insidens,
572 4197 722 4249 comitatus
744 4196 853 4250 clicoous
876 4196 1014 4248 ministris
1035 4196 1076 4247 sic
1099 4210 1142 4247 mc
1166 4197 1283 4261 terruit,
1308 4202 1339 4251 ut
1358 4214 1465 4266 parion

141 4281 287 4334 soaocssct
309 4281 377 4349 quein
400 4281 577 4334 concideram
601 4286 684 4334 metu.
725 4279 895 4335 ‘Erostratc’
919 4281 1010 4347 iuquit
1033 4286 1131 4333 ercet
1154 4282 1230 4334 uultu
1254 4284 1331 4336 truci
1351 4288 1378 4335 et
1400 4297 1466 4338 noce

174 4380 281 4433 aspera
305 4367 390 4417 ‘cerciac
410 4378 532 4433 poenam
556 4368 632 4431 lu'es,
655 4382 732 4419 ricino
753 4366 879 4434 periisti,
902 4364 1071 4435 flapitiumt'
1106 4366 1219 4419 admota
1242 4367 1355 4421 interim
1378 4384 1465 4421 meino

173 4449 269 4520 plodio
292 4466 347 4518 queo
370 4449 516 4504 (iacinctus
537 4456 614 4515 crat,
642 4464 694 4504 ceu
716 4452 831 4503 ianuam
850 4464 1064 4519 percussurus:
1097 4464 1140 4503 me
1164 4465 1229 4505 aero
1251 4453 1417 4506 exariimato
1439 4459 1467 4507 ct

174 4536 269 4587 nescio
292 4533 361 4602 qicid
378 4542 505 4601 pcanmtc
527 4536 681 4604 deprecari
701 4540 729 4588 et
748 4534 825 4605 forte
846 4532 947 4604 fupam
971 4534 1137 4600 meditante,
1166 4548 1257 4605 raeque
1286 4539 1360 4590 cuim
1387 4552 1466 4606 spem

176 4618 233 4672 nidi
253 4619 368 4678 salutis,
397 4618 490 4673 subdit
512 4621 614 4673 iterum
638 4619 788 4684 ‘Persiste,
817 4617 961 4688 furcifer,
990 4633 1046 4672 non
1069 4619 1189 4672 reddam
1217 4635 1267 4690 eya
1294 4623 1371 4691 quod
1391 4638 1465 4675 com-

140 4702 294 4755 someritns
316 4716 363 4755 cs:
395 4717 474 4755 meeis
496 4706 569 4757 enim
591 4706 667 4758 ensis
689 4721 746 4757 non
768 4703 957 4757 delectimini
984 4708 1041 4755 tam
1064 4703 1112 4756 oili
1131 4706 1288 4773 sononia&
1319 4706 1371 4758 sed
1391 4707 1467 4759 scias

176 4787 327 4840 mediarum
355 4786 465 4856 alodios
492 4790 607 4841 iamiam
636 4789 757 4842 intentos
784 4789 814 4842 in
843 4788 970 4858 iiiyulnm
993 4792 1081 4839 tillim.
1122 4788 1249 4856 periisti,
1273 4795 1382 4843 certum
1405 4794 1466 4844 est!

175 4879 202 4926 et
225 4870 269 4923 lu's
291 4871 372 4924 dietis
394 4872 536 4939 discessit,
566 4888 608 4926 mc
631 4874 719 4926 oculta
742 4878 901 4927 excusante
923 4879 950 4925 ct
972 4877 1081 4924 oronte.
1126 4870 1249 4941 Impune
1268 4872 1380 4943 facturn
1403 4888 1464 4928 esse

176 4960 286 5010 tantinn
307 4954 426 5025 facinus
446 4954 562 5025 feram?
590 4958 788 5027 lleqicoqnam.
827 4959 900 5011 rnalo
923 4958 980 5010 cita
1001 4970 1104 5009 carcre
1126 4973 1212 5028 quam
1236 4958 1328 5012 cinere
1350 4959 1465 5012 inultus.

176 5042 244 5110 aian
266 5042 294 5093 ei
314 5056 382 5092 mon
403 5042 496 5094 dicam
518 5043 641 5097 scribam
664 5043 790 5096 collectis
815 5050 927 5098 cention
958 5037 1089 5094 articulis
1118 5055 1157 5094 ea
1180 5042 1255 5095 illius
1276 5044 1412 5114 dioloois,
1440 5048 1467 5097 ct

139 5135 165 5175 is
177 5131 355 5178 recusantem
379 5139 409 5177 sc
433 5126 471 5179 ud
491 5127 564 5180 diem
586 5130 688 5180 sistere
710 5127 782 5181 diris
800 5128 937 5183 deaoeelro
953 5127 1106 5179 aectoritatc
1122 5124 1240 5193 Christi,
1263 5133 1290 5181 et
1304 5127 1467 5196 confodiam

176 5211 230 5263 tcto
252 5210 562 5265 excommunicationis.
607 5218 732 5259 moto.
759 5210 913 5281 Profecto,
941 5218 973 5264 ut
995 5226 1071 5264 nurse
1098 5217 1165 5265 sunt
1187 5226 1294 5278 mores,
1323 5212 1385 5265 istis
1406 5212 1468 5267 talis

242 5474 253 5504 ⁹
270 5472 374 5538 uxore]
394 5474 614 5524 Picfforkorniae.
675 5472 695 5506 ¹³
713 5474 854 5540 momenti]
873 5476 1022 5525 monumiti
1035 5475 1061 5522 2.
1119 5472 1139 5505 ²¹
1159 5475 1246 5526 Pnnn.
1260 5478 1294 5527 lt,
1308 5475 1382 5544 Son]
1398 5466 1467 5529 Vin-

175 5558 341 5621 dobonensi,
360 5559 537 5618 Bononiensi,
557 5559 706 5623 Lipsiensi.
767 5555 790 5588 '²
807 5559 947 5610 Hermann
961 5563 986 5610 1,
1040 5557 1062 5591 ⁸⁸
1081 5564 1234 5626 aspersu.
1289 5561 1308 5595 ⁴¹
1327 5564 1426 5628 peristi
1439 5567 1466 5614 2.
