3625 7050
282 1230 406 1282 xxxvl.
424 1238 446 1279 2.
460 1245 523 1280 aas.
539 1244 619 1281 ansas
632 1244 787 1280 nassonem
800 1242 931 1278 ιιιιιιιιι..
945 1242 982 1278 aa
994 1242 1118 1280 ιινιτιιιι
1130 1243 1220 1280 amsa.
1234 1244 1345 1282 ιιιιιι.
1394 1220 1464 1291 115

320 1402 383 1463 Sed
402 1401 494 1476 quod,
516 1409 549 1462 ut
565 1409 687 1462 assueta
707 1409 765 1475 est,
784 1402 946 1478 preclaris
968 1400 1095 1476 deropot
1112 1405 1200 1476 actis,

392 1505 443 1563 Ex
465 1507 522 1565 ista
542 1505 624 1564 uobi's
635 1512 726 1579 parte
743 1505 879 1577 molipua
897 1502 976 1575 suit:
1133 1513 1138 1523 ·

321 1606 447 1681 Expulit
467 1607 595 1667 imbelles
617 1607 733 1680 Aquila
751 1606 916 1680 prasentia
936 1605 1051 1675 Gallos,

269 1728 292 1769 ιι
395 1708 507 1768 Tantus
527 1711 558 1768 in
581 1706 713 1780 Aupusto
733 1709 851 1766 nomme
871 1712 970 1765 terrm
986 1713 1067 1777 erat,

321 1809 360 1868 Et
380 1827 475 1885 neque
492 1810 629 1869 sustinuit
645 1815 800 1869 metantem
816 1814 919 1868 eastra
942 1807 1059 1885 uidae,

394 1911 483 1981 (luem
498 1917 621 1986 poterat
637 1911 700 1971 diei
719 1926 778 1971 uou
796 1913 926 1970 timuisse
942 1911 1050 1985 prais,-

323 2012 462 2088 Quodque
484 2016 581 2073 minus
594 2014 690 2086 potuit
711 2014 834 2087 sumptis
855 2012 980 2071 bellator
1002 2013 1033 2069 iu
1053 2015 1161 2085 armis,

270 2133 293 2174 a
395 2113 547 2173 Tentatum
567 2114 706 2189 precibus
721 2130 802 2188 peue
814 2114 936 2187 perepit
954 2128 1038 2186 opus.

321 2217 383 2277 Sed
401 2223 482 2276 retro
498 2217 619 2274 cessisse
640 2214 721 2274 doles
739 2215 931 2288 quererisque
949 2213 1047 2285 fuisse

393 2318 459 2377 Nom
480 2319 553 2375 satis
573 2319 654 2375 mata
673 2314 807 2388 fulmina
829 2317 912 2375 iacta
932 2331 1041 2374 mauu:

321 2421 385 2481 Hoc
405 2420 458 2480 tibi
477 2419 621 2493 quiequid
642 2423 722 2489 erat,
743 2416 878 2490 sapiente
896 2419 1087 2492 pepercimus
1107 2420 1175 2493 islo,

271 2539 293 2578 a
391 2522 480 2580 Cuius
499 2536 568 2578 erus
587 2519 670 2579 uobis
691 2519 824 2579 erimine
832 2535 912 2594 peue
933 2534 1060 2589 noceas,-

320 2622 362 2682 Iu
383 2629 434 2681 tua
456 2638 508 2680 uos
526 2623 630 2704 patria
645 2622 787 2713 pressari
806 2623 922 2680 mscera
942 2621 1052 2680 dextra

391 2725 487 2796 dupe
506 2728 579 2798 ape,
600 2731 629 2780 et
648 2722 704 2781 boa
724 2724 834 2805 aliquis
853 2725 905 2781 cai
918 2724 1080 2797 plamtisset
1094 2729 1174 2796 erat,

321 2826 359 2893 At
370 2827 456 2901 potui
474 2833 503 2884 et
523 2825 603 2883 uolui
622 2825 771 2884 cedentem
787 2826 903 2898 loupias
921 2825 1017 2899 ipsum

269 2943 292 2983 ss
389 2926 513 2999 Infestis
531 2924 647 2998 Aquitis
668 2928 700 2985 iu
720 2941 776 2984 sua
796 2943 892 3000 repra
910 2906 1009 3000 seq'ui:

322 3030 382 3100 (luo
403 3032 500 3088 miuus
515 3028 549 3087 id
561 3042 693 3101 possem,
711 3030 896 3087 commissum
918 3035 962 3087 est
979 3026 1096 3099 fraude
1114 3045 1260 3100 meorum,
1298 3107 1302 3114 ι

390 3130 458 3190 Heu
478 3131 566 3188 etiam
589 3132 697 3188 uostris
717 3132 897 3189 uuae-male
917 3136 1024 3189 sanata
1040 3128 1135 3202 fides!

319 3232 426 3293 Pru'sca
442 3231 532 3303 fidem
552 3233 794 3309 coluitusaaatam
814 3232 993 3303 Germania,
1015 3248 1159 3306 uespera

270 3349 293 3391 so
391 3335 509 3394 Glorior
525 3332 584 3391 bae
605 3332 700 3405 uobis,
723 3336 801 3393 testis
822 3350 854 3393 es
874 3330 1057 3409 spsa‚suit,·

321 3433 406 3496 Naue·
425 3451 481 3494 sua
500 3434 640 3510 perfidia
657 3436 770 3509 passim
791 3441 862 3494 sual
877 3438 1022 3510 praemia,
1041 3438 1158 3509 passim

287 3551 290 3555 ·
391 3538 513 3610 mpla
529 3538 677 3610 saerilepo
697 3554 755 3612 pro
776 3540 852 3612 stipe
869 3546 973 3596 eastra
993 3546 1107 3599 merem
1113 3560 1122 3597 :

320 3639 467 3709 Quantum
487 3644 518 3697 tu
536 3655 675 3713 cuperes,
693 3641 721 3697 si
734 3654 839 3714 posses
857 3656 929 3698 aera
950 3657 1077 3713 aspare,

267 3756 290 3799 u
387 3740 487 3817 Apula
504 3756 563 3800 noa
578 3742 678 3815 aliquo
692 3742 813 3815 prodito
828 3756 925 3815 repud
946 3737 1035 3801 dolo?

321 3842 413 3912 (tuam
434 3846 512 3902 male
529 3842 695 3902 dissimum
711 3843 765 3901 sub
783 3843 952 3917 proditioue
969 3842 1107 3915 nefanda

390 3945 507 4018 Cepisse
527 3944 724 4018 aupuiperum
747 3944 863 4003 Gallica
882 3946 976 4004 erista
998 3939 1125 4003 ducem?

318 4044 376 4105 lios
395 4061 522 4120 quoque,
544 4045 590 4104 dii
600 4044 754 4118 lacerent,
776 4062 835 4104 noa
856 4047 985 4120 amplias
1007 4048 1064 4105 ista
1083 4047 1214 4120 petisset,

266 4131 290 4170 ⁸⁸
386 4146 515 4221 Solapete
537 4146 575 4204 de
594 4147 676 4205 uobis
689 4147 826 4222 perfida,
846 4147 959 4222 Brupi,
978 4147 1081 4220 sores·
1152 4182 1154 4186 ·
1216 4209 1219 4216 ,

315 4248 383 4307 Iam
401 4265 496 4322 neque
514 4251 584 4323 plus
604 4250 694 4307 nimio
715 4250 870 4309 tardantes
887 4257 990 4324 questa
1008 4239 1133 4325 luisses,

388 4350 483 4425 Inque
503 4352 570 4410 siau
585 4358 710 4423 poteras
731 4366 784 4410 uos
804 4352 942 4412 babuisse
961 4358 1020 4412 tuo.

319 4450 403 4521 Quod
417 4468 512 4525 meque
525 4449 631 4522 fracta
648 4454 720 4512 mas
736 4459 869 4528 poterat,
887 4470 968 4513 auae
981 4456 1092 4527 mitior,
1115 4456 1209 4514 arrais

262 4570 287 4610 ιι
386 4553 497 4625 Adria,
518 4568 578 4612 noa
596 4570 726 4628 pupuaa
746 4556 914 4630 impetiisse
933 4555 1042 4629 lipia,

211 4653 370 4671 N·—

233 4700 254 4733 ¹'
271 4700 406 4767 imbelles]
426 4703 548 4754 audaces
562 4707 635 4754 imi.
694 4707 836 4770 presentia
849 4708 874 4755 2.
934 4705 956 4737 ⁴⁹
975 4722 1009 4755 m.
1024 4704 1087 4756 Oct.
1102 4721 1128 4754 a.
1145 4702 1218 4755 1509.
1283 4705 1303 4738 ⁵¹
1323 4705 1387 4773 isto]
1407 4707 1456 4758 illo

211 4788 239 4837 ·⁵.
301 4784 324 4818 ⁸⁵
342 4787 495 4838 caedentem
513 4804 606 4838 omues.
673 4788 695 4822 ⁶⁷
712 4790 903 4841 Maaeimilianus
922 4793 990 4857 quod
1001 4807 1058 4856 quta
1074 4791 1178 4839 Venetis
1190 4805 1256 4838 anno
1268 4795 1403 4853 superiore
1415 4809 1455 4842 ae-

211 4877 251 4931 ut,
274 4887 298 4921 a.
314 4870 387 4921 1510.
406 4877 488 4922 omnia
502 4873 562 4936 sere
573 4876 673 4932 amad,
697 4878 797 4939 imperii
812 4882 895 4925 status
912 4878 1011 4924 aemilia
1025 4876 1159 4939 promissa,
1170 4875 1326 4937 deuepautes
1343 4877 1455 4940 inculpa·

222 4953 239 5020 (
240 4956 275 5018 ef.
286 4956 360 5019 shira
375 4973 398 5005 o.
411 4955 461 5006 215
472 4956 530 5023 sq.)
554 4974 612 5007 uasa
633 4960 665 5008 de
690 4959 766 5009 rebus
784 4976 845 5011 vere
862 4976 886 5010 o.
906 4957 981 5009 1516.
1001 4958 1033 5008 ab
1056 4961 1212 5023 imperatore
1236 4960 1262 5008 ia
1281 4958 1362 5009 Italia
1382 4975 1456 5024 supe·

211 5055 232 5091 ’e
253 5040 392 5114 ussellaimr
412 5043 492 5105 pestis
514 5042 539 5091 b.
552 5045 719 5093 doemonem
739 5061 790 5095 nou
812 5059 868 5095 esse
889 5044 1027 5108 putabas
1049 5046 1150 5108 attiuptl
1169 5043 1269 5092 Hessos
1290 5059 1313 5092 a.
1326 5042 1385 5093 227.
1398 5059 1472 5109 sape

211 5120 267 5190 pu]
280 5123 376 5174 Italia.
429 5124 451 5158 ⁸²
464 5122 601 5192 sacrilego
613 5131 640 5179 2.
693 5126 715 5160 ⁸³
727 5130 752 5179 si
769 5144 865 5196 posses
882 5143 963 5187 vera,
982 5142 1086 5194 negare
1098 5127 1188 5195 Apula
1201 5129 1276 5178 s...5.
1328 5124 1350 5158 ⁸⁴
1370 5128 1455 5178 Gaiae·

211 5214 274 5260 usia
288 5209 398 5270 foeaerls
415 5209 452 5274 (a.
467 5212 547 5261 taos.
566 5228 583 5262 o
600 5212 778 5265 Maximillam
797 5218 869 5278 imp„
884 5214 1008 5278 pontifice
1025 5213 1056 5263 R.
1071 5212 1139 5263 Iulio
1158 5212 1213 5272 11„
1232 5212 1353 5262 starcia
1370 5213 1454 5262 Aira-

211 5296 292 5369 ioeque
308 5294 410 5360 sepibus
426 5301 519 5346 eontra
539 5297 650 5349 Venetos
668 5299 734 5362 iniit)
757 5301 919 5349 aoadieiones
944 5312 994 5348 nou
1010 5297 1089 5348 soluiu
1106 5299 1138 5347 de
1159 5298 1335 5361 Neapolitanis
1350 5288 1454 5362 posses·

211 5376 271 5428 ibes
287 5395 368 5445 neque
385 5396 403 5430 a
421 5380 501 5431 Oails's
517 5384 579 5431 solis
592 5385 646 5446 fide
660 5384 752 5447 sraela
769 5388 922 5448 contemptae
937 5388 1005 5431 sual.
1060 5381 1083 5414 θ’
1101 5381 1150 5431 ills
1165 5384 1239 5432 imi.
1296 5379 1319 5415 ⁸⁸
1336 5382 1454 5448 Bruyers-

211 5462 415 5516 labilium
428 5481 480 5530 per
495 5468 605 5517 sedecim
622 5467 792 5518 hebdomadas
804 5472 830 5517 iu
843 5481 949 5517 emeere
961 5466 1101 5517 babuemt
1112 5481 1189 5531 usque
1201 5468 1238 5518 ad
1248 5467 1274 5517 d.
1288 5468 1331 5517 10.
1343 5483 1374 5517 aa.
1388 5468 1457 5520 Mais·

211 5549 281 5599 lm.
333 5555 441 5615 quassis
452 5552 527 5603 3...5.
579 5550 600 5584 ⁷¹
619 5552 698 5615 Quod
714 5568 770 5604 non
787 5552 835 5604 ills
853 5552 1011 5612 maiam.
1062 5550 1085 5584 ²¹
1101 5551 1253 5618 Lyguri„

1178 5635 1223 5700 8*
