3625 7050
422 1230 547 1280 XXXVI.
566 1235 587 1278 1.
605 1241 743 1279 nrrsrona
755 1242 792 1277 an
804 1241 1017 1277 uaxrrrrnmravn
1030 1240 1095 1276 cns.
1110 1241 1213 1276 rrum
1226 1241 1361 1277 rrcrrcu.
1461 1211 1529 1283 111

391 1391 458 1460 Non
480 1418 584 1470 sexus,
607 1416 668 1460 non
690 1404 735 1461 est
756 1397 803 1458 cui
825 1414 900 1458 saeva
923 1396 1090 1475 pepercerit
1111 1403 1181 1457 aetas

328 1522 365 1562 roo
462 1500 570 1570 Gallia,
592 1518 652 1560 non
673 1500 745 1577 ipsis
766 1497 893 1558 abstinet
915 1497 962 1558 iila
985 1498 1055 1558 deis.

395 1602 495 1665 thice
518 1603 555 1663 de
577 1601 680 1664 rabido
701 1601 808 1661 virtute
829 1599 934 1660 ultrice
955 1600 1058 1667 furori,

466 1702 512 1764 Nil
533 1702 639 1782 reliqui
660 1704 753 1763 victor
775 1703 833 1762 ianr
855 1702 924 1762 iacit
944 1701 999 1761 iste
1022 1700 1107 1768 mihi;

395 1806 577 1868 Foeminenm
599 1805 740 1867 miserare
762 1821 855 1882 genus
876 1820 1044 1882 puerosque
1066 1801 1196 1880 deosque

331 1929 366 1969 ica
464 1908 569 1985 Eripe,
593 1907 671 1985 quod
693 1898 820 1984 perdam
838 1903 878 1964 nii
900 1922 990 1982 super
1013 1905 1066 1963 ista
1089 1910 1202 1972 manet;

396 2011 484 2070 Serva
507 2006 615 2086 ahquid
638 2007 709 2067 dum
730 2025 790 2066 non
812 2007 965 2084 perierunt
987 2006 1099 2074 omnia,
1122 2023 1160 2066 ne
1183 2024 1250 2065 curn

467 2109 584 2169 Servari
606 2109 707 2187 cupias
730 2107 870 2186 plurima,
893 2107 973 2167 nulia
995 2115 1118 2184 queant:

396 2212 569 2272 Maturasset
590 2228 665 2288 opus
687 2228 757 2271 casu
780 2209 969 2270 Friderichus
991 2209 1021 2268 in
1043 2209 1108 2278 isto,

334 2333 368 2374 res
465 2313 576 2373 Cuncta
598 2313 751 2391 repentina
772 2311 982 2389 praecipitasset
1003 2328 1074 2388 ope;

396 2415 471 2476 Qum
492 2421 591 2475 tamen
612 2413 661 2475 iile
682 2413 780 2474 studet
801 2413 934 2473 vitiantes
956 2410 1060 2473 tollere
1080 2410 1210 2482 morbos,

407 2525 411 2532 “
467 2515 561 2587 Quam
583 2514 661 2577 volui
682 2515 805 2576 medicae
827 2513 894 2592 plns
916 2514 1016 2575 abiere
1038 2532 1160 2575 manus:

397 2618 511 2699 Rumpe
533 2636 647 2689 moras,
668 2635 777 2679 venere
799 2617 862 2678 dies
883 2616 1050 2677 cunctarier
1072 2616 1148 2693 nitra
1213 2607 1220 2624 '

335 2740 369 2779 ru
466 2720 521 2790 Qui
543 2719 704 2798 prohibent
724 2717 802 2779 salva
823 2717 910 2779 laude
931 2717 1048 2796 fideque
1069 2724 1134 2786 tua:

398 2822 485 2881 hrma
508 2839 580 2899 cape
601 2821 806 2901 intrepidoque
828 2827 893 2880 tuas
915 2826 998 2880 motu
1019 2836 1118 2880 assere
1138 2818 1249 2880 landes.

468 2921 544 2993 Quid
565 2930 650 2984 vorat
670 2923 813 2984 Ausonias
836 2920 965 2983 Gailicus
985 2922 1079 2982 hostis
1101 2921 1190 2999 opes?

398 3024 500 3085 Omnia
521 3025 640 3085 victoris
661 3025 806 3086 mirantur
827 3030 949 3103 pectora
971 3022 1053 3094 Galli,

334 3145 368 3185 nr
464 3124 527 3185 Hoc
550 3133 582 3186 tu
604 3128 756 3188 materiam
777 3125 871 3186 luridis
893 3124 930 3186 ab
952 3124 1037 3186 hoste
1058 3131 1135 3203 pete.

398 3226 497 3288 Moesta
519 3245 627 3305 precor
649 3229 832 3308 genibusque
853 3227 912 3288 tuis
933 3228 1080 3304 presentia
1101 3227 1191 3288 teudo

468 3329 607 3400 Brachia,
631 3329 773 3408 depuduit
794 3328 935 3407 supplicis
956 3348 1021 3389 esse
1042 3327 1134 3394 loco..

398 3429 457 3491 Res
479 3438 527 3490 tna
549 3437 655 3491 cuncta
676 3431 768 3508 perit,
790 3431 914 3492 summis
935 3450 968 3492 se
989 3430 1145 3492 admiscuit
1165 3431 1232 3501 ima,

337 3551 371 3592 rso
467 3534 568 3614 Vergit
588 3536 619 3595 in
641 3552 779 3595 occasum
800 3535 883 3612 siqua
905 3551 1043 3612 suprema
1065 3534 1134 3604 iuit;

400 3634 464 3695 Non
485 3620 593 3697 modus
615 3643 675 3706 est,
697 3653 758 3696 non
780 3636 895 3714 estqui
918 3636 1019 3697 debuit
1040 3635 1114 3696 ordo
1135 3644 1265 3705 tuorum,

469 3737 641 3799 Turhantur
663 3739 753 3798 mixto
775 3736 878 3815 fasque
899 3739 1041 3818 notasque
1061 3737 1137 3798 loeo.

400 3838 528 3901 Dilanior
550 3841 652 3918 patriis
673 3839 800 3900 obnoxia
821 3840 897 3900 iacta
918 3841 1059 3918 tyrannis,

337 3959 370 3999 m
468 3941 507 4002 Ut
527 3948 640 4003 taceam
663 3948 785 4003 externo
807 3940 946 4019 quicquid
968 3939 1005 4000 ab
1028 3940 1113 4000 hoste
1135 3940 1208 4001 iero.

399 4043 502 4104 Pastor
525 4044 598 4113 eris,
621 4043 750 4104 servabis
772 4060 855 4112 orec,
877 4041 1019 4121 purgabis
1041 4040 1124 4111 ovile,

471 4143 622 4207 Lustrabis
644 4164 709 4224 quae
731 4163 810 4206 nunc
831 4143 902 4204 illita
924 4144 1011 4205 sorde
1032 4145 1136 4206 iacent.

399 4246 467 4326 Ipsa
486 4246 687 4325 pusillanimes
707 4246 809 4308 Rornae
829 4247 875 4307 ius
897 4246 997 4307 dicere
1018 4246 1129 4307 scribas

335 4368 371 4407 ns
469 4348 543 4409 Cum
564 4348 663 4418 video,
687 4357 716 4410 et
737 4348 818 4409 nullo
841 4356 962 4427 pectore
983 4348 1087 4427 vulgus
1108 4350 1197 4420 iners,

401 4449 515 4528 Quique
536 4451 705 4512 sacerdotes
727 4449 811 4511 titulo
833 4458 918 4511 tenus
940 4453 998 4511 otia
1019 4451 1139 4522 ducunt,

472 4551 587 4630 Quique
608 4551 714 4613 bibunt
734 4570 852 4630 semper
873 4551 1013 4630 plurima,
1037 4554 1146 4632 quique
1166 4563 1279 4624 vorant,

401 4652 625 4733 Molliculosquc
643 4654 778 4716 homiues
801 4661 829 4715 et
850 4655 936 4715 inerti
957 4654 1047 4715 corde
1068 4657 1198 4734 supinos,

335 4773 371 4814 rer
471 4754 585 4835 Quique
607 4754 647 4817 ibi
669 4763 738 4818 sunt
759 4774 886 4834 quorum
907 4758 984 4818 iacta
1005 4758 1118 4818 referre
1141 4757 1246 4836 pudet;

400 4857 437 4918 Et
457 4858 549 4936 pudet
571 4865 600 4918 et
621 4858 733 4943 dicam,
754 4859 888 4936 pathicus
909 4877 1035 4938 regnare
1057 4859 1192 4939 cynaedos

474 4959 547 5021 Cum
569 4961 667 5031 rideo,
689 4961 815 5021 hornam
837 4968 909 5021 tnnc
930 4961 1022 5038 pudet
1044 4979 1108 5021 esse
1130 4980 1236 5024 meam.

232 5134 451 5160 N.—

317 5299 350 5333 ¹⁸⁸
368 5300 541 5365 cupies3..5.
599 5298 633 5332 ¹⁶⁷
649 5299 875 5364 Fridericusdo.
935 5299 967 5331 ¹⁶⁹
984 5301 1124 5351 eicientes
1139 5305 1163 5351 t.
1216 5301 1249 5333 ¹²³
1266 5302 1454 5367 indomitoque
1468 5304 1542 5353 3...5.

241 5385 280 5421 ¹¹⁵
297 5386 422 5436 uictores
434 5387 461 5436 2.
539 5383 572 5417 ¹⁷⁷
588 5382 730 5449 presentie
741 5389 767 5434 2.
803 5386 916 5436 tendam
930 5388 982 5435 1.2.
1053 5384 1084 5418 ¹³¹
1108 5387 1239 5452 quidquid
1252 5392 1277 5435 5.
1313 5384 1382 5452 fero]
1402 5386 1542 5439 tulis...5.

243 5472 279 5506 ¹⁸⁸
298 5486 353 5546 que
365 5472 392 5521 2.
462 5469 495 5505 ¹⁸⁹
513 5471 577 5522 ocia
588 5473 614 5518 2.
650 5473 808 5521 omnium.
863 5470 895 5504 ¹⁸²
914 5470 964 5537 ibi]
983 5472 1067 5522 abia.
1147 5472 1179 5505 ¹⁹⁸
1196 5474 1310 5524 Patiens
1329 5476 1354 5523 1.
1395 5474 1543 5540 pertaesa.

242 5556 378 5623 cynaedos
391 5557 450 5606 1.2.
487 5557 606 5622 cynodos
621 5559 646 5606 3.
