3625 7050
719 1212 857 1267 eotenus
876 1185 1037 1268 ruarmo.
1479 1235 1526 1284 xv

226 1410 329 1482 partes
350 1402 409 1463 sire
432 1399 594 1470 volumina,
623 1420 750 1481 qnorum
782 1401 842 1463 duo
870 1405 969 1481 priora
992 1403 1139 1481 Epistulas
1167 1407 1345 1468 rontinentia
1368 1409 1397 1468 in
1420 1427 1524 1487 opera·

228 1532 342 1590 riorum
365 1529 502 1590 manibus
524 1537 607 1596 suru;
631 1548 699 1589 mox
722 1539 864 1607 setpretur
886 1531 942 1590 iarn
965 1529 1148 1591 elaboratum
1166 1532 1300 1592 volumen
1317 1534 1524 1613 ltialugnrmu3

228 1676 321 1718 unum
344 1656 450 1717 deinde
473 1655 633 1734 explebunt
655 1655 809 1715 Orationes
832 1675 898 1716 eum
922 1657 1102 1718 didascalicis
1124 1656 1242 1724 libellis.
1271 1660 1349 1720 aliud
1373 1664 1523 1730 Carmina:

229 1793 344 1845 sextum
367 1782 484 1845 dabitur
499 1781 636 1859 Epistolis
658 1782 853 1843 obscurorum
877 1783 1008 1842 virorum
1031 1784 1233 1864 similibusque
1254 1789 1370 1864 seriptis
1386 1808 1450 1866 qua>
1466 1807 1524 1849 non

230 1913 284 1972 nisi
312 1930 328 1970 a
352 1908 545 1988 nugatoribus
567 1910 637 1986 ipsis
658 1910 717 1968 sire
740 1926 799 1968 non
823 1909 944 1986 integris
967 1909 1111 1969 iudicibus
1133 1914 1287 1986 litigatoris
1315 1932 1379 1973 esse
1408 1914 1524 1976 rutula-

229 2046 364 2106 mantnr,
395 2054 464 2096 eum
489 2038 705 2096 renaseentium
732 2034 895 2095 litterarum
923 2043 1010 2114 atque
1039 2037 1229 2098 historiarum
1259 2042 1393 2099 exeuntis
1422 2042 1524 2102 medire

229 2183 318 2242 quam
334 2179 472 2223 vocamus
486 2163 578 2221 aetatis
593 2160 735 2221 uberrimi
752 2162 848 2222 lontes
863 2163 941 2240 iique
957 2180 1045 2239 supra
1062 2182 1150 2242 (quarn
1166 2165 1247 2224 orodi
1269 2164 1344 2226 solet
1366 2170 1433 2245 puri
1455 2170 1521 2227 sint.

228 2294 354 2369 septimo
382 2290 509 2368 denique.
537 2287 685 2348 volumine
707 2288 822 2348 lndiees
851 2307 919 2347 eum
949 2280 1156 2349 ronmonlariis
1178 2293 1251 2351 meis
1274 2293 1522 2371 conprehendam.

316 2419 458 2496 Superest
479 2423 511 2476 ut
533 2414 713 2475 de··Hutteni
736 2415 831 2492 effigie
855 2415 943 2476 rerba
967 2417 1085 2484 luciam,
1115 2436 1202 2495 (priam
1225 2417 1261 2476 ad
1284 2416 1396 2478 tllluuti
1419 2420 1523 2480 ltrrreri

229 2544 397 2624 exemplum
427 2546 457 2603 in
484 2544 567 2621 regio
590 2539 773 2602 Beroliuunsi
801 2541 1113 2622 ebaleograpbiearum
1144 2544 1324 2620 picturarum
1348 2563 1450 2605 museo
1473 2546 1523 2607 ad·

228 2680 376 2732 servabam
399 2670 436 2731 ad
459 2670 607 2730 dimidiam
631 2669 693 2727 lere
715 2675 828 2744 partem
853 2668 1017 2739 redactam,
1046 2671 1177 2748 quanuis
1199 2688 1258 2730 non
1281 2671 1310 2729 iu
1334 2690 1369 2729 etr
1391 2671 1524 2732 suluma

230 2799 393 2860 liureriano
404 2800 495 2875 opere
510 2795 624 2857 diversa
639 2795 677 2854 sit
691 2794 771 2873 quod
786 2794 937 2854 dexteram
954 2797 1054 2873 rapitis
1069 2804 1183 2872 partem
1199 2797 1434 2873 eonspieiemlam
1450 2815 1525 2875 prae·

140 3005 144 3013 ‚
230 2926 295 2994 bet,
319 2934 416 2985 tamen
439 2923 626 2990 exhibemus,
650 2920 779 2981 feliciore
801 2920 959 3000 aliquando
981 2891 1140 2982 imitatione
1163 2940 1334 2999 «expressum
1359 2922 1526 3000 exemplum

230 3054 318 3112 tertio
339 3051 492 3118 rolurmni,
522 3048 573 3108 ubi
601 3050 765 3127 poterimus
792 3048 934 3116 additum,
964 3035 1030 3107 eum
1059 3050 1223 3126 prasertim
1251 3048 1313 3108 aliae
1336 3068 1439 3108 umarus
1460 3068 1526 3128 qme

230 3181 290 3238 sive
313 3177 392 3255 ligno
414 3177 475 3236 sive
497 3194 591 3253 cupro
613 3172 657 3234 rel
681 3173 803 3252 obalybe
827 3175 946 3234 llutteni
969 3175 1072 3235 laniem
1096 3177 1262 3252 exprimere
1285 3175 1371 3252 vulgo
1399 3177 1524 3253 creduu-
1596 3188 1606 3207 ·

230 3313 278 3364 tur
301 3305 457 3385 imagines,
489 3321 588 3381 aereque
618 3301 705 3359 etiam
729 3300 798 3377 ipse
822 3319 886 3378 qum
910 3298 992 3360 libris
1015 3302 1076 3359 vivo
1099 3309 1219 3362 attentare
1243 3301 1397 3379 ptrblieatis
1420 3288 1524 3377 addilae

229 3439 313 3499 sttrtt,
346 3438 396 3490 ant
424 3429 460 3488 ad
490 3426 762 3500 Stulzeuberqeusis
792 3425 880 3486 b'lriei
910 3426 1028 3486 llntteni
1057 3429 1106 3505 qui
1134 3430 1226 3487 austri
1255 3428 1526 3504 Stmltulbergunsis

230 3558 321 3620 l'lriei
344 3564 486 3632 cognatus
509 3556 562 3615 luit
584 3555 728 3632 picturam
753 3552 878 3631 (qualem
902 3554 1049 3631 hodieque
1070 3556 1194 3614 societas
1211 3555 1415 3615 lusturieurum
1433 3556 1525 3616 Fran-

229 3685 321 3743 ooniae
350 3682 497 3743 interioris
519 3680 684 3756 l'ireiburgi
717 3681 855 3757 possidet>-
879 3686 930 3739 aut
952 3675 1174 3740 ex'rerioribus
1197 3680 1313 3758 quidem
1337 3684 1428 3741 tuntri
1452 3683 1524 3742 llut-

229 3812 288 3870 teni
317 3810 475 3885 imaginum
507 3806 648 3885 exemplis
676 3806 727 3866 sed
758 3816 817 3865 tam
846 3807 953 3866 misere
983 3806 1137 3881 deseriptae
1165 3806 1222 3863 siut
1249 3814 1281 3863 ut
1311 3803 1397 3863 buius
1420 3800 1523 3858 faciem

230 3937 365 3998 ementiri
387 3954 489 3996 onmes
511 3933 642 3994 tlieemlae
664 3934 730 3993 sint.
778 3931 969 3992 lleroliuense
994 3949 1063 3990 sero
1086 3930 1253 4007 emnrmlnm
1284 3946 1350 3988 enin
1380 3926 1444 4002 aliis
1466 3925 1524 3984 bu-

212 4064 353 4128 ,rer-iaus
381 4058 624 4122 ‹iebneationibus
653 4058 752 4119 multis
782 4059 827 4134 (et'.
851 4057 960 4118 Helleri
983 4056 1092 4117 lilntun
1115 4055 1188 4116 ‘Alb
1206 4056 1310 4116 ltdrer.
1336 4049 1524 4132 Liparaei.

230 4188 273 4251 8⁰.
298 4198 368 4249 torn.
392 4189 427 4249 ll.
450 4204 479 4264 p.
510 4188 554 4246 17.
578 4203 641 4264 sqq.
667 4187 728 4262 65.)
758 4194 823 4265 post
852 4187 958 4244 summi
988 4185 1108 4261 pictoris
1137 4183 1249 4244 obitum
1280 4184 1412 4243 Andreas
1435 4180 1525 4240 irater·

229 4318 292 4376 eius
314 4315 554 4389 Norirubergensi
578 4312 693 4372 cuidam
716 4314 839 4389 patriciu
863 4310 1047 4379 rerrdiderat,
1076 4318 1142 4388 post
1170 4312 1253 4371 cuins
1275 4318 1392 4386 gentem
1416 4306 1523 4367 ⁸saeculo

231 4455 328 4502 xvtlt.
354 4448 518 4502 emortuam
541 4438 615 4499 alius
637 4438 755 4517 qaudam
772 4438 1029 4516 Nur·imlret·gensis
1053 4438 1129 4515 (nam
1152 4457 1248 4517 neuque
1271 4438 1358 4498 buius
1374 4451 1522 4515 possesso·

230 4569 271 4627 ris
291 4586 399 4628 nomen
423 4565 551 4644 prodidit
566 4563 712 4628 llellerus'¹
737 4565 863 4642 pretiosa
886 4564 934 4625 illa
958 4563 1025 4624 lolia
1049 4565 1217 4641 currparavit
1241 4565 1402 4642 euduuque
1418 4561 1524 4622 deimle

229 4694 266 4754 ab
288 4695 375 4754 buius
398 4694 523 4752 bominis
546 4692 631 4752 vidua
647 4690 780 4751 llullerus
804 4709 924 4751 utunmu
948 4710 1006 4751 mm
1029 4698 1062 4749 ut
1085 4690 1196 4750 ridetur
1219 4690 1303 4755 errtit;
1328 4697 1389 4747 tum
1411 4688 1436 4745 is
1459 4706 1524 4766 qnae

230 4820 284 4880 sibi
305 4838 365 4880 non
388 4818 547 4887 retinebat,
572 4820 647 4877 iuter
671 4836 735 4896 quae
757 4818 819 4895 ipsa
843 4837 960 4896 equesque
983 4836 1061 4876 rtttm
1078 4814 1276 4876 Burtrliuousiu
1300 4812 1346 4871 illa
1371 4811 1437 4872 lolia
1461 4814 1523 4872 lue·

230 4955 313 5015 runt,
341 4947 541 5023 migraverunt
558 4946 598 5029 'iu
627 4946 733 5004 serinia
759 4944 1015 5023 Nurimbergeusis
1044 4943 1159 5003 luaturis
1189 4937 1300 4998 ,tlbeiti
1328 4956 1342 4995 a
1375 4938 1523 4998 llersuban

230 5072 352 5134 militurn
374 5072 507 5151 praelecti
538 5080 564 5131 et
594 5080 661 5150 post
683 5072 769 5132 lartius
793 5072 895 5131 ltrrreru
920 5071 947 5129 in
972 5070 1078 5129 borrea
1104 5066 1293 5142 Nagleriaum
1324 5063 1450 5141 buglensi
1473 5064 1523 5124 de·

230 5202 316 5278 nirpre
345 5200 486 5260 suecessit
515 5198 593 5276 quod
624 5216 702 5257 nunu
730 5197 776 5257 illa
807 5196 874 5256 lolia
903 5196 992 5256 babet
1016 5212 1149 5254 trittseum
1172 5192 1296 5269 rugiunt.
1342 5190 1443 5268 Neque.
1466 5190 1523 5250 boo

230 5328 364 5406 cuiquam
387 5328 493 5386 iustam
516 5323 644 5385 movebit
666 5324 872 5401 suspitionem,
903 5323 981 5401 quod
1012 5322 1134 5398 pisturis
1162 5320 1317 5380 recentiori
1341 5334 1430 5378 ruauu
1453 5317 1523 5377 sub·

230 5455 335 5532 scripta
366 5454 485 5512 nomina
516 5460 548 5512 ut
576 5454 637 5530 ipsa
665 5451 750 5511 etiam
775 5450 888 5526 depicta
912 5450 1005 5524 sopita
1029 5446 1129 5505 lortiee
1153 5452 1267 5504 exsecta
1291 5444 1353 5504 aliis
1376 5443 1451 5544 loliis
1473 5463 1523 5523 pa·
