3625 7050
287 1237 404 1290 xxm
435 1250 560 1289 nerum
572 1249 610 1284 no
622 1246 806 1284 evnomonru
819 1247 854 1280 mr
868 1243 980 1281 everen
992 1243 1214 1280 cousouronu.
1234 1238 1435 1282 bannierant.
1471 1215 1512 1286 51

250 1310 256 1329 .

225 1425 322 1470 mum
343 1424 399 1468 rex
422 1405 609 1484 llarpagum,
632 1403 680 1464 oui
701 1401 776 1462 lilios
799 1399 962 1478 epulandos
983 1400 1128 1478 apposuit,
1151 1407 1180 1460 et
1201 1410 1400 1463 comestorum
1423 1405 1518 1481 capita

225 1509 339 1572 ostmdi
366 1509 517 1586 praecepit.
571 1505 696 1566 Pudebit
724 1502 881 1581 aliquando
910 1501 968 1580 legi
995 1503 1109 1581 aequius
1137 1501 1171 1595 Q
1198 1503 1334 1566 Martium
1363 1509 1441 1569 unici
1469 1509 1588 1571 lilioso

225 1618 349 1672 mortem
371 1607 487 1678 tulisse,
511 1625 599 1687 33333
620 1614 651 1667 te
673 1611 708 1666 ex'
731 1611 858 1682 quatuor
880 1604 981 1665 unius:
1005 1611 1034 1664 et
1054 1603 1104 1666 ille
1126 1598 1245 1682 quidem
1266 1611 1364 1670 statim
1384 1611 1521 1673 alunere

225 1713 259 1774 nd
280 1712 464 1774 senatorium
486 1727 594 1770 munus
615 1707 716 1776 rediit;
738 1715 772 1767 tu
795 1706 869 1767 duos
890 1707 949 1766 iam
971 1724 1087 1766 menses
1108 1705 1224 1768 tristitia
1247 1711 1433 1772 condictoris.
1471 1713 1589 1774 lisso

225 1823 252 1877 et
265 1814 454 1876 teminorum
467 1813 499 1871 in
513 1812 571 1872 boc
585 1809 694 1888 genere
708 1809 909 1869 tortitudinem
924 1808 1046 1869 audiret
1068 1807 1229 1870 Duodecim
1247 1809 1408 1874 liberorum
1423 1814 1522 1875 obitus

225 1924 365 1977 strennue
386 1913 452 1975 tulit
474 1911 609 1973 Cornelia
629 1911 778 1979 Romana,
806 1909 914 1971 Rutilia
936 1909 1026 1971 Cottae
1047 1909 1113 1980 tilii,
1137 1911 1214 1991 Livia
1234 1912 1336 1983 Drusi;
1352 1908 1409 1985 'et‚
1433 1922 1521 1976 ulex

225 2016 318 2079 meris
337 2033 447 2094 ponam
468 2013 594 2093 aliquid,
627 2012 675 2073 illa
697 2010 863 2074 ldacbabaea
884 2011 992 2073 mulier
1014 2019 1122 2091 quanta
1146 2012 1200 2073 tibi
1220 2014 1349 2083 videtur,
1373 2035 1430 2094 qua
1457 2036 1521 2078 mu·

225 2119 286 2178 nita
307 2117 494 2186 tortitudine,
517 2135 583 2194 quae
604 2122 718 2193 septem
739 2115 853 2192 integra
875 2121 960 2174 aetate
982 2112 1056 2173 filios
1078 2113 1222 2192 supplicio
1244 2117 1321 2177 affici
1341 2117 1437 2179 vetula
1461 2138 1520 2179 non

225 2219 366 2298 spectarit
386 2217 493 2285 modo,
515 2217 568 2278 sed
583 2224 612 2277 et
626 2217 741 2277 bortata
758 2223 802 2276 est
816 2215 854 2275 ad
869 2196 984 2276 sortiter
998 2214 1136 2276 terendos
1151 2217 1317 2278 cruciatus?
1339 2221 1401 2298 ltge
1420 2229 1519 2283 autem
1528 2235 1590 2284 §.tt

226 2327 258 2391 ut
278 2321 431 2381 mamus
453 2309 571 2397 iurique
592 2319 662 2386 iota,
686 2314 772 2396 quale
793 2317 851 2376 boc
873 2323 989 2395 tompus
1011 2317 1190 2377 tortitudinis
1212 2319 1378 2397 exemplum
1401 2322 1454 2383 tibi
1469 2325 1522 2385 ob-

225 2422 303 2485 iicitl
326 2421 371 2482 En
392 2419 476 2481 illum
498 2420 563 2481 vide
577 2418 806 2480 Maximiliaoom
820 2418 981 2487 Caesarem,
1005 2420 1070 2497 qui,
1093 2420 1122 2478 in
1145 2426 1225 2479 tanta
1248 2421 1379 2492 lortuna,
1403 2426 1523 2487 unicum

225 2522 322 2585 lilium
336 2520 521 2602 iniqmssimo
541 2529 676 2599 tempore
698 2522 837 2580 ambrum
860 2519 1009 2598 quomodo
1031 2518 1115 2580 tulit?
1137 2528 1218 2581 certe
1242 2529 1355 2583 tantum
1374 2525 1523 2602 aplebeio

225 2623 282 2686 ino.
294 2623 379 2686 luctu
400 2622 507 2693 abluit,
529 2630 563 2684 ut
585 2630 614 2684 et
634 2620 760 2691 bellum,
785 2621 916 2699 quodie
939 2621 1073 2682 Venetos.
1087 2630 1151 2682 erat
1171 2623 1229 2682 iam
1259 2632 1327 2685 ante
1356 2627 1513 2690 meditatus

225 2733 472 2806 prosequeretur,
505 2732 534 2785 et
561 2723 740 2785 Geldrorum
769 2729 890 2784 conotus
918 2724 1094 2801 reprimeret
1127 2741 1162 2784 ac
1189 2743 1280 2784 novos
1305 2728 1335 2786 in
1364 2728 1522 2792 Pannoniis

227 2836 324 2889 motare
345 2827 491 2887 sedandos
513 2833 640 2887 curaret.
685 2825 722 2885 llt
741 2833 805 2884 erat
825 2826 851 2884 is
871 2823 948 2885 lilius
969 2843 1029 2884 non
1051 2823 1146 2885 solum
1164 2824 1229 2886 talis
1243 2827 1360 2906 qualem
1376 2830 1423 2891 bic
1437 2842 1591 2909 peterse.

226 2928 282 2991 eibi
302 2927 391 2990 vellet
412 2929 508 2997 nasci,
530 2928 582 2989 sed
605 2935 634 2988 et
648 2927 746 2988 Asiam
768 2933 798 2987 et
819 2925 968 3004 Europam
990 2928 1036 2987 sui
1057 2927 1250 2989 admiratione
1271 2932 1409 2992 attonitas
1430 2951 1524 3013 prope

227 3031 352 3093 leooeat:
386 3029 416 3089 id
438 3029 517 3108 quod
539 3048 575 3091 eo
598 3036 716 3090 mortuo
739 3027 889 3106 cognitum
911 3037 971 3088 est:
1004 3035 1119 3090 tautum
1147 3030 1225 3090 enim
1246 3031 1284 3091 ab
1305 3033 1426 3095 interitu
1447 3034 1524 3097 illius

227 3133 289 3195 ensi
310 3139 382 3193 sum
402 3132 530 3200 tlnitimi,
559 3130 753 3210 quantumin
776 3131 831 3189 vita
860 3129 1027 3190 timuerant
1071 3131 1150 3191 flevit
1177 3139 1318 3209 preterea
1345 3133 1428 3195 illum
1450 3138 1523 3198 Ger-

227 3234 340 3303 moia,
369 3231 508 3294 luxerunt
528 3231 688 3311 llispaniae,
723 3231 982 3309 Burgundionibus
1003 3250 1071 3309 spes
1093 3250 1146 3292 sua
1173 3233 1332 3316 intercidit,
1368 3236 1524 3302 Pannoniae

228 3334 318 3397 deone
345 3342 537 3395 emusarunt:
565 3334 692 3395 babebat
721 3352 850 3412 namque
878 3351 981 3394 omnes
1002 3352 1186 3394 summorum
1209 3336 1376 3415 principum
1391 3326 1525 3403 ¹uirtutes

228 3444 447 3505 consummate,
469 3435 624 3505 iustitiam,
646 3424 866 3504 liberalitatem,
888 3437 1131 3513 temperantiam,
1155 3436 1356 3507 fortitudinem
1378 3460 1412 3501 ac
1434 3461 1524 3522 supra

227 3545 344 3601 moen
366 3538 561 3616 prudentiam.
605 3538 712 3599 deinde
732 3546 828 3598 motas
850 3539 906 3598 iam
931 3557 978 3598 ros
1000 3557 1105 3617 gerere
1133 3549 1277 3617 creperet,
1306 3550 1340 3602 ut
1366 3543 1437 3604 nibil
1465 3564 1524 3606 non

227 3658 350 3718 sperare
371 3639 409 3701 de
429 3638 479 3699 illo
501 3640 564 3700 ausi
593 3640 651 3700 siut
676 3641 698 3700 ii
724 3638 824 3718 populi
851 3639 958 3717 quibus
986 3641 1111 3719 praeiuit.
1156 3640 1222 3701 Noli
1249 3650 1279 3703 te
1309 3643 1353 3703 bis
1375 3645 1595 3717 neminisse.

229 3741 339 3803 Grecis
361 3760 396 3802 ao
418 3740 515 3801 Persis
536 3742 643 3819 partim
671 3742 796 3802 loeminis
823 3741 1010 3811 interiorem,
1043 3744 1177 3803 fortunas
1204 3761 1275 3803 vero
1303 3751 1369 3804 tuas
1396 3747 1442 3807 his
1464 3750 1524 3808 (13-

228 3843 352 3904 sarianis
367 3842 536 3919 superiores
551 3849 664 3920 putare.
700 3841 771 3903 nibil
785 3849 814 3902 te
830 3843 982 3919 indignum
998 3860 1120 3903 censere
1135 3842 1235 3910 debes,
1258 3846 1337 3922 quod
1358 3845 1408 3907 ille
1422 3849 1524 3909 muudi

230 3944 366 4005 dominus
388 3962 473 4022 aequo
494 3944 592 4003 animo
613 3943 687 4004 tulit.
721 3943 805 4014 Quod
826 3945 850 4003 si
873 3960 962 4021 (13333
982 3944 1014 4003 in
1035 3943 1145 4004 ultione
1168 3944 1255 4004 buius
1276 3946 1424 4022 parricidii
1442 3951 1594 4026 cupi-oe.

230 4046 350 4107 dilatem
373 4045 522 4123 posuisti..
543 4044 649 4106 dubius
672 4063 735 4106 esse
758 4045 787 4105 in
814 4063 867 4123 spe
893 4051 991 4122 potes,
1020 4045 1131 4105 fractus
1159 4046 1279 4105 minime
1307 4046 1412 4107 debes:
1445 4050 1526 4111 vides

230 4165 295 4226 quae
316 4147 354 4207 ad
377 4154 476 4207 votum
498 4154 567 4206 sunt
587 4153 672 4207 tuum
694 4154 795 4224 parata
818 4146 925 4216 omnia,
949 4165 1045 4224 opem,
1068 4144 1390 4233 arixiliumarmornm
1411 4159 1440 4211 et
1456 4170 1524 4212 oon-

229 4248 362 4311 siliorum
377 4249 531 4316 fiducianr;
555 4249 723 4309 coniurasse
737 4249 892 4309 nobiscum
906 4255 1017 4309 tantam
1034 4252 1164 4328 equitem}
1179 4247 1410 4322 multitudinem,
1432 4272 1524 4333 quan-

230 4356 291 4412 tarn
312 4352 343 4410 in
364 4348 425 4410 ullo
453 4368 582 4428 unquam
610 4369 710 4411 rerum
738 4357 819 4411 motu
842 4350 998 4411 Germania
1026 4351 1104 4411 vidit.
1147 4359 1192 4411 tot
1221 4360 1364 4430 praetorea
1393 4357 1523 4427 comites,

230 4451 335 4514 deinde
356 4451 467 4530 aliquot
490 4452 576 4511 etiam
597 4452 747 4530 principes
768 4451 888 4531 polliciti
911 4452 988 4514 ultro
1010 4451 1095 4514 uobis
1117 4460 1271 4532 suntque
1300 4458 1421 4533 possint.
1466 4460 1523 4520 Sed
1535 4467 1595 4517 ets.

230 4571 283 4614 nos
304 4560 409 4632 optare
431 4552 573 4613 debemus
595 4554 729 4623 minime,
757 4562 790 4614 nt
811 4554 849 4614 ad
870 4572 953 4615 arma
976 4572 1024 4615 res
1045 4557 1211 4634 perveniat;
1240 4575 1305 4634 quae
1334 4566 1432 4620 tamen
1454 4578 1523 4638 pro·

228 4656 288 4717 risa
310 4672 376 4716 esse
398 4653 470 4714 nihil
488 4654 628 4732 impedit,
662 4656 899 4735 quandoquidem
929 4656 965 4715 ad
989 4656 1109 4718 externa
1138 4657 1192 4716 iste
1219 4656 1323 4715 arixilia
1352 4659 1446 4719 lertur
1471 4662 1522 4721 ad-

228 4757 358 4835 speirano:
379 4763 410 4817 et
431 4757 513 4833 prius
535 4758 633 4816 omnia
656 4763 771 4819 eertum
793 4766 837 4818 est
860 4759 1001 4835 experiri,
1031 4776 1118 4836 quam
1148 4757 1256 4816 nostris
1277 4759 1368 4816 armis
1388 4760 1525 4822 turbetur

228 4858 402 4921 Germania:
423 4856 501 4917 bona
522 4860 622 4937 itaque
643 4876 711 4937 spes
734 4867 778 4920 est
799 4866 1011 4919 consecuturos
1033 4861 1129 4918 omnia
1153 4876 1207 4918 nos
1229 4874 1264 4916 ea
1285 4876 1351 4936 quae
1380 4860 1444 4920 iure
1474 4862 1525 4923 dc·

229 4959 353 5030 bentnr,
386 4966 415 5020 et
435 4960 524 5020 istum
545 4961 609 5021 sine
630 4968 732 5021 nostro
754 4959 901 5038 periculo,
935 4960 999 5020 sine
1026 4960 1144 5037 publico
1170 4958 1298 5020 tumultu
1336 4978 1410 5038 quas
1438 4962 1526 5023 debet

225 5074 329 5142 poenas
351 5059 438 5121 nobis
460 5062 613 5131 daturum,
646 5081 714 5123 cum
743 5064 811 5142 quia
838 5064 943 5141 ingens
965 5070 993 5123 et
1015 5063 1078 5123 sine
1100 5061 1234 5141 exemplo
1262 5069 1306 5121 est
1333 5062 1391 5123 boc
1416 5062 1523 5133 scelus,

227 5171 290 5226 turn
303 5181 377 5225 rero
390 5144 480 5241 quod,
504 5164 560 5223 nisi
582 5164 729 5240 puniatur,
751 5164 840 5224 timor
862 5172 906 5225 est
928 5165 1026 5224 omnia
1049 5180 1152 5223 omnes
1174 5182 1307 5224 ausuros.
1350 5163 1436 5223 Certe
1457 5163 1593 5224 calisto.

227 5273 271 5328 est
291 5266 407 5334 Caesar,
430 5266 481 5344 qui
503 5266 579 5326 bano
601 5265 639 5326 de
660 5284 692 5326 se
715 5267 866 5327 bominum
889 5267 1057 5344 opinionem
1079 5282 1137 5324 non
1166 5265 1297 5333 deseret;
1327 5264 1465 5325 recedere
1488 5265 1528 5325 ab

282 5467 627 5550 ’'ponemhfferomd't'
664 5458 866 5520 ''et'om.A.2.
901 5466 1116 5535 illo]mattmille
1157 5466 1389 5518 ²¹consumote2¹
1424 5461 1525 5527 ¹⁸sort]

226 5553 352 5607 tabeat.
387 5557 542 5620 unquemd.
577 5555 599 5589 ²⁸
618 5553 655 5621 et]
676 5557 796 5606 ee·A.2.
840 5556 1004 5607 ”fidutiam
1018 5558 1052 5605 Α.

1346 5617 1393 5681 4*

852 5735 883 5772 q
