3625 7050
215 1232 316 1282 Ι1111111.
329 1247 463 1283 raucum
476 1247 513 1282 nn
526 1247 690 1282 mucxnmr.
715 1231 843 1281 LXXIII.
857 1246 1020 1281 nannieno
1032 1240 1318 1282 assumamur-*num
1327 1239 1395 1282 tuth-
1425 1219 1497 1291 163

215 1423 330 1480 mquam.
375 1405 433 1480 Ego
462 1406 505 1461 hic
532 1406 592 1461 vivo
619 1413 721 1480 praeter
749 1412 865 1479 propter
892 1405 982 1459 vitam.
1027 1403 1090 1459 duni
1119 1404 1212 1459 amieis
1235 1405 1310 1466 vivo,
1339 1405 1406 1460 nihii
1430 1407 1496 1463 mihi

215 1508 292 1565 reque
315 1490 399 1546 Musis
421 1491 495 1553 vivo.
520 1490 587 1546 adeo
611 1489 693 1546 sente!
719 1508 813 1545 omues
836 1489 978 1545 nobiscum
1001 1489 1133 1561 degentes
1156 1489 1238 1544 rectis
1261 1490 1359 1545 studiis
1383 1491 1496 1547 interdi-

216 1593 278 1638 ere.
301 1583 366 1650 post
388 1576 512 1632 cineritia
534 1576 604 1631 festa
626 1575 812 1636 discessurus:
836 1575 945 1631 interim
968 1573 1116 1629 literarium
1138 1573 1335 1647 supellectilem
1358 1584 1385 1631 et
1408 1593 1495 1649 augeo

215 1669 228 1716 t
251 1677 336 1723 orno,
365 1661 473 1734 quando
505 1667 622 1716 tractare
650 1677 706 1716 uon
735 1659 799 1715 hcet
827 1676 877 1714 noc
905 1667 989 1715 vacat.
1034 1659 1084 1726 Qui
1114 1657 1160 1714 tihi
1184 1659 1232 1714 has
1256 1658 1348 1714 literas
1371 1660 1495 1722 reddidit.

215 1743 249 1800 ibi
271 1744 416 1818 doctisque
438 1744 563 1819 plurimis
586 1752 681 1805 notus.
706 1752 733 1800 et
755 1761 860 1800 mecum
883 1743 1025 1799 amicitiam
1050 1743 1121 1805 iniit,
1145 1743 1217 1816 quod
1233 1743 1356 1816 equidem
1374 1745 1497 1818 benigni·

215 1828 264 1892 ati,
286 1831 410 1886 comitati
432 1839 460 1886 et
482 1830 600 1885 hominis
622 1829 797 1891 humanitati,
821 1846 876 1884 uon
892 1827 1040 1893 rusticitati
1055 1845 1122 1884 mee
1136 1829 1271 1884 condono.
1305 1846 1366 1884 eum
1383 1830 1431 1884 tihi
1447 1831 1496 1884 mi·

216 1913 271 1970 ime
292 1915 466 1978 commendo,
497 1922 593 1989 utpote
623 1914 672 1968 tihi
700 1913 991 1969 commendatissimum
1022 1913 1072 1968 iam
1096 1913 1207 1986 pridem.
1253 1913 1279 1967 id
1301 1921 1391 1969 autem
1415 1932 1494 1988 quam

215 1998 312 2055 mxime
334 1999 428 2062 veiim.
460 1999 532 2054 iilius
561 1999 648 2072 gratia
672 2016 714 2054 me
737 1998 835 2053 habeas
858 1998 1084 2054 commendatum.
1129 1997 1201 2053 Vale.
1246 1997 1281 2052 he
1304 1998 1494 2054 Reviviscenti·

215 2100 249 2139 us
272 2084 327 2139 tuis
350 2083 430 2157 piura
451 2083 531 2146 adias,
556 2084 683 2157 quoniam
706 2100 778 2138 nunc
800 2082 906 2157 poculis
929 2082 1047 2145 obruor,
1071 2100 1120 2138 nec
1143 2083 1254 2138 omniuo
1277 2082 1435 2139 hesternum
1458 2085 1495 2138 vi·

216 2182 264 2224 um
286 2169 427 2225 edonnivi.
471 2169 572 2225 lterum
595 2167 652 2223 vale
675 2177 703 2224 et
725 2169 790 2223 vire.
835 2167 976 2242 llerhipoii
998 2166 1061 2222 11111.
1085 2167 1195 2223 Knieud.
1219 2167 1358 2223 Februarii
1382 2176 1458 2229 1518.

650 2446 1047 2463 -—-—-—-—--·-

215 2770 381 2813 ainamma.
420 2779 430 2787 ·
752 2737 934 2811 LXXIII.
1268 2765 1493 2837 Q

429 2923 649 3005 [LAVREN'IIVS
671 2928 800 2984 BEHnltt
814 2928 984 2984 hittunhhu
1005 2923 1262 3005 PlhcttttEhtEltO]

765 3030 923 3071 sennenn.

280 3147 408 3204 Latorem
430 3149 525 3205 harum
548 3150 685 3206 dominum
708 3149 849 3206 doctorem
872 3149 1010 3204 medicina·
1032 3147 1143 3204 Fabium
1165 3149 1308 3205 Zonarium
1331 3159 1428 3224 utpote
1451 3154 1491 3208 iu·

215 3249 292 3288 ouem
315 3234 451 3290 eruditum
474 3242 501 3291 et
524 3235 633 3290 ductum
652 3234 706 3295 tihi
729 3235 788 3289 eius
817 3243 916 3306 rogatu
944 3234 1117 3290 courmendo:
1147 3234 1331 3290 Reuehiinista
1354 3237 1424 3292 enim
1448 3248 1490 3294 est

215 3325 225 3373 t
244 3317 295 3372 tihi
319 3325 396 3374 totus
418 3319 549 3377 devotus:
571 3320 682 3394 scripsit
705 3320 776 3375 enim
799 3319 883 3375 multa
907 3326 934 3374 et
957 3320 1029 3374 varia
1052 3319 1204 3392 rhythmice
1226 3329 1322 3376 contra
1346 3321 1489 3379 Colonien-

215 3419 239 3457 es
260 3402 429 3465 ortwinum,
460 3404 633 3477 Thungarum
656 3412 683 3459 ot
706 3404 898 3460 liochstratum
922 3422 997 3460 more
1020 3413 1048 3459 et
1070 3403 1135 3459 stiio
1158 3404 1336 3460 obscurorum
1360 3406 1488 3471 virorum,

215 3503 256 3543 ute
280 3485 429 3544 tihi'affert
451 3488 573 3563 degenda.
618 3489 719 3546 ridebis
742 3497 770 3544 et
792 3489 910 3545 huminis
926 3488 996 3545 sales
1012 3488 1149 3563 probahis.
1195 3490 1296 3557 Quodsi
1312 3491 1397 3546 frater
1411 3509 1488 3548 meus

217 3570 241 3627 la
270 3571 392 3646 legeret,
426 3576 681 3631 excommunicando
711 3574 820 3630 diaholo
849 3576 952 3648 ipsum,
972 3575 1039 3645 'nisi
1068 3576 1229 3648 poenitentia
1258 3576 1392 3649 condigna
1421 3578 1488 3632 satis
1579 3603 1581 3608 ·

215 3665 314 3721 ια’-τοι,
337 3658 422 3714 daret.
467 3660 535 3726 huid
558 3659 658 3716 uiuita‘?
682 3660 781 3733 dignus
804 3667 848 3715 est
869 3667 964 3715 nostra
987 3660 1125 3715 societate.

464 3815 591 3891 nxx‘m.
611 3842 766 3895 Heumann.
787 3841 936 3904 (nanim.
950 3841 987 3889 n⁰.
999 3839 1052 3902 ao.)
1070 3804 1217 3906 caorah.

640 4060 1043 4077 *-

1279 4155 1300 4195 9.
1314 4161 1395 4197 FEBR.
1411 4156 1468 4198 uls.

258 4263 368 4314 Zobelii
387 4265 534 4331 epistolum
558 4266 593 4316 ad
611 4267 756 4317 Erasmum
778 4267 842 4317 vido
867 4266 942 4316 infru
959 4265 1079 4316 Hutteni
1101 4264 1263 4337 proeiutioni
1281 4265 1309 4315 in
1328 4266 1420 4316 'I'itum
1439 4268 1485 4317 Li-

215 4347 266 4399 ium
283 4350 453 4413 subiectum,
473 4350 511 4399 n⁰.
526 4350 582 4400 CX.

637 4468 1038 4485 ψ

255 4667 395 4736 ⁸Roviv.]
419 4670 484 4736 Ipsa
502 4670 567 4721 illus
590 4671 695 4738 dialogi
713 4673 851 4723 Lucionoi
875 4674 1021 4739 inseriptIo
1045 4678 1088 4723 cut
1106 4673 1246 4735 „Luciuni
1269 4674 1410 4739 Piscator,
1435 4691 1485 4727 seu

215 4755 429 4805 evivIscentos”.
471 4755 515 4805 Cf.
529 4772 555 4820 p.
571 4755 617 4805 151
631 4772 672 4821 sq.
1023 4751 1026 4759 '

256 4836 279 4871 ¹⁴
297 4836 443 4905 Zonariuo]
462 4841 514 4890 llic.
531 4843 597 4890 idem
615 4840 727 4890 Giirtler
744 4840 958 4907 Inuolstodieasio
976 4847 1026 4901 ert,
1051 4844 1120 4890 cades
1138 4844 1270 4905 epistolam
1287 4845 1322 4892 nd
1343 4845 1484 4894 Vadionum

225 4921 252 4973 8.
265 4922 340 4989 Sept.
355 4940 380 4973 a.
394 4922 459 4973 1515
477 4923 510 4986 (1)
528 4928 651 4989 seriptum
674 4941 755 4990 supra
778 4925 852 4988 (nuru.
871 4926 1026 4988 XXVIIII.)
1049 4926 1204 4975 cumutamus
1228 4932 1253 4975 et
1277 4928 1313 4976 ud
1335 4944 1405 4993 quem
1430 4931 1483 4992 epi·

215 5024 299 5058 *mo
314 5011 420 5074 scriniait
432 5009 575 5068 Huttenus,
600 5012 669 5075 quod
682 5012 770 5075 priori
786 5010 899 5060 Neminie
916 5014 1032 5074 exempto
1051 5012 1163 5060 additum
1180 5016 1231 5067 eat,
1250 5028 1331 5076 sulii-u
1346 5029 1372 5076 p.
1386 5012 1428 5060 27.
1442 5028 1483 5061 re·

215 5095 300 5143 ditum.

681 5260 1019 5279 ⁶*—
