3625 7050
323 1180 398 1262 232
508 1198 606 1251 XCIX.
620 1212 724 1248 snssur
738 1211 800 1247 sos.
815 1210 851 1246 sn
863 1211 1014 1248 sussurru
1027 1212 1149 1248 noovsr.
1163 1213 1207 1248 se.
1221 1213 1247 1249 n.
1260 1205 1295 1250 ιι.
1309 1213 1373 1250 osc.
1387 1206 1446 1250 rste.

323 1377 400 1435 tulor
422 1383 465 1432 tot
486 1373 652 1431 ornamentis
674 1372 729 1429 tuis
751 1372 929 1430 cardinaliciae
956 1373 1097 1446 dignitatis
1120 1373 1259 1447 fastigium
1281 1375 1442 1438 accessisse,
1474 1374 1544 1431 unde
1565 1374 1609 1431 tihi

324 1465 378 1520 hoc
397 1462 478 1519 etiam
498 1459 561 1535 plus
581 1458 688 1515 decoris
703 1458 858 1514 adiunctum
873 1466 930 1520 est,
954 1459 1026 1531 qnod
1048 1476 1062 1513 a
1084 1459 1211 1533 pontihce
1227 1460 1404 1533 integerrimo
1427 1477 1477 1517 nee
1496 1468 1611 1535 emptum
1684 1509 1698 1514 -

327 1566 377 1605 nec
399 1547 529 1603 ambitum
552 1544 666 1616 obtigit,
697 1551 724 1599 et
747 1544 813 1599 adeo
843 1560 898 1598 non
926 1543 1069 1605 ambitum,
1100 1553 1142 1606 ut,
1171 1545 1222 1600 nisi
1244 1545 1415 1601 llasimiliani
1437 1546 1548 1602 tlaesaris
1570 1564 1613 1601 au·
1651 1576 1703 1588 -

272 1632 440 1689 t·⁸·toritate
463 1638 567 1691 motus,
599 1629 735 1684 obstinate
757 1628 842 1684 fueris
865 1637 1050 1684 recusaturus.
1094 1629 1270 1685 Adiuusimus
1293 1629 1417 1704 epistolae
1438 1629 1561 1686 libellum
1582 1631 1613 1686 de
1653 1650 1705 1688 ε

326 1718 431 1776 ratione
454 1715 536 1771 studii
561 1712 720 1786 theologici,
744 1730 799 1769 non
822 1722 852 1768 ut
874 1712 927 1769 hoc
950 1721 997 1770 tuo
1020 1713 1122 1769 nomini
1145 1713 1268 1771 dedicato
1290 1714 1369 1772 iidem
1394 1733 1481 1771 mesni
1496 1714 1613 1776 liberem,
1647 1730 1725 1780 ,ι

326 1820 417 1858 rerum
441 1808 471 1856 ut
486 1800 538 1856 hoc
560 1797 634 1854 velut
655 1797 788 1855 arrabone
810 1798 874 1853 dato
897 1799 983 1872 magis
1006 1798 1143 1872 armagis
1166 1799 1323 1873 astringam.
1358 1799 1476 1873 Optabat
1497 1800 1527 1855 tt.
1544 1800 1573 1855 Τ.
1588 1799 1613 1854 tt.
1636 1845 1708 1857 -.

325 1895 357 1944 ut
378 1887 500 1942 divorum
524 1884 591 1939 ritas
623 1881 787 1939 illustrarem
809 1901 870 1938 meo
894 1883 973 1946 stilo,
1003 1892 1030 1940 at
1052 1901 1105 1956 ego
1127 1891 1242 1939 conatus
1265 1903 1339 1947 suns,
1366 1892 1397 1940 ut
1420 1885 1473 1958 ipsi
1495 1885 1709 1944 dirorum-’u

327 1971 442 2047 principi
470 1987 529 2025 mea
559 1967 740 2041 qualicunque
767 1968 901 2025 industria
929 1967 997 2025 lueis
1026 1967 1151 2024 nonnihil
1178 1969 1317 2025 adderem:
1351 1986 1412 2025 nem
1440 1969 1542 2042 gautlet
1572 1969 1710 2028 itte-fl

271 2057 413 2113 §Metius
435 2054 531 2127 gloriis
554 2054 615 2109 fons
638 2053 718 2108 etiam
741 2053 792 2126 piis
815 2070 928 2109 suorum
950 2053 1047 2108 studiis
1068 2062 1207 2127 utcunque
1228 2053 1375 2110 nobilitari.
1412 2054 1546 2111 Caeterum
1563 2072 1710 2109 ser—-

326 2158 407 2198 mone
428 2140 471 2196 rin
493 2137 622 2212 consequi
646 2155 742 2211 queam
765 2146 935 2212 quantopere
956 2138 1077 2195 deamem
1105 2137 1223 2195 indolem
1246 2138 1324 2194 istam
1347 2148 1432 2201 tuam,
1463 2140 1507 2194 cui
1530 2139 1652 2195 iuveni
1686 2145 1737 2198 nto

327 2227 399 2281 inter
426 2232 467 2280 tet
493 2223 605 2278 ditionis
627 2222 845 2278 administrandae
873 2223 1041 2278 necessarias
1068 2224 1154 2295 magis
1184 2240 1264 2296 quam
1296 2240 1386 2282 sacras
1419 2221 1711 2281 sollicitudineffizs

326 2309 393 2366 illud
416 2308 457 2364 vel
480 2308 507 2362 in
529 2307 625 2380 primis
646 2306 722 2363 cordi
745 2315 800 2370 est,
830 2314 860 2362 ut
887 2306 1011 2363 dirorum
1040 2307 1114 2370 vitre,
1144 2325 1203 2380 quae
1231 2309 1329 2381 partim
1356 2307 1493 2365 habentur
1521 2307 1661 2364 fabuli=
1694 2331 1711 2368 s

327 2393 445 2451 anilibus
468 2390 625 2453 simillimis,
649 2391 747 2464 partim
771 2409 803 2447 eo
825 2391 942 2465 proditas
965 2391 1044 2452 stilo,
1068 2398 1098 2447 ut
1120 2409 1199 2448 nerito
1221 2393 1319 2448 doctus
1341 2402 1388 2449 aut
1410 2394 1502 2467 gravis
1516 2393 1668 2467 absquo
1698 2414 1710 2453 c

328 2496 427 2536 nausea
449 2477 539 2551 possit
560 2474 665 2549 legere,
697 2476 813 2549 primum
835 2476 938 2531 maiore
959 2476 1067 2532 delectu
1089 2477 1246 2551 maioreque
1267 2477 1332 2539 lide,
1362 2478 1424 2534 dein
1446 2495 1574 2534 sermone
1595 2482 1709 2538 sat

272 2577 384 2627 §.enon
407 2561 536 2622 larundo,
560 2569 636 2617 certe
659 2560 912 2634 mundooastoque
936 2562 1085 2617 tradantur.
1122 2561 1255 2635 Perspieit
1270 2563 1396 2618 nimirmn
1413 2571 1460 2618 tua
1474 2562 1643 2637 prudenti:
1672 2566 1733 2623 iau

328 2649 354 2705 id
378 2647 450 2721 quod
473 2645 644 2702 verissimum
668 2654 726 2707 est,
749 2662 804 2701 non
827 2645 1001 2702 mediocriter
1023 2647 1056 2701 ad
1078 2646 1237 2702 Christianae
1265 2646 1406 2720 religionis
1429 2655 1707 2707 ornamentum

327 2734 430 2794 iacere,
460 2748 494 2787 nc
523 2730 587 2803 quid
617 2729 726 2785 omnino
755 2737 868 2786 conatur
894 2739 941 2785 airt
969 2729 1077 2802 legatur
1102 2731 1130 2786 in
1153 2731 1261 2804 templis
1284 2732 1357 2806 quod
1380 2749 1436 2788 non
1458 2733 1619 2805 gravissim·
1654 2754 1705 2792 ιο

327 2816 541 2889 doctissimoque
569 2815 668 2887 cuique
697 2813 804 2888 placere
835 2822 930 2887 queat,
958 2815 1010 2870 boe
1036 2822 1079 2870 est
1107 2816 1180 2888 qnod
1203 2833 1257 2871 non
1280 2833 1313 2872 ex
1334 2816 1431 2872 divinis
1454 2816 1532 2873 libris
1555 2818 1703 2874 batt-n·

329 2911 401 2958 stum
432 2902 467 2956 sit
495 2907 541 2955 airt
569 2907 643 2955 certe
666 2916 681 2954 a
703 2899 767 2953 viris
794 2899 898 2955 eximiis
922 2899 1088 2973 proiectum:
1122 2917 1194 2956 nunc
1216 2900 1313 2957 Siculis
1336 2901 1409 2975 quod
1432 2903 1508 2957 aiunt
1530 2900 1701 2974 geniis

328 2986 453 3048 vaniora,
482 3002 554 3040 nunc
575 2982 720 3040 cuiuslibet
741 2982 820 3039 deliri
843 2984 916 3039 senis
939 2985 1088 3040 autetiam
1111 2985 1223 3041 aniculae
1245 2985 1349 3041 somnis
1373 2986 1424 3041 huc
1448 2987 1724 3060 irrepserunt-:nte

274 3078 358 3137 sset
380 3071 467 3126 indies
488 3070 575 3142 magis
597 3086 628 3125 ac
650 3069 736 3141 magis
759 3068 891 3142 irrepunt.
937 3069 1035 3126 Verum
1057 3069 1107 3125 bac
1129 3069 1155 3125 in
1179 3087 1209 3126 re
1231 3079 1361 3144 praestare
1390 3071 1463 3145 qnod
1485 3070 1697 3127 desider=at

264 3148 267 3154 ’
328 3154 462 3213 celsitudo
494 3163 554 3217 tue,
583 3153 670 3225 magis
699 3161 765 3227 opto
795 3170 875 3227 quam
897 3172 1025 3228 possum:
1059 3171 1111 3227 ego
1134 3162 1236 3228 prester
1256 3164 1385 3211 conatum
1406 3154 1532 3211 sedulum
1554 3154 1694 3211 nil-il

329 3239 475 3315 polliceor:
510 3255 565 3294 non
587 3237 685 3293 desunt
707 3246 796 3293 autem
819 3237 860 3294 vel
889 3239 962 3311 apud
984 3240 1132 3294 Gordianos
1161 3239 1208 3312 qui
1237 3256 1295 3294 mea
1323 3240 1459 3296 sententia
1485 3240 1589 3296 curnula
1671 3247 1691 3294 te

329 3324 435 3380 valcant
459 3323 512 3379 tuis
535 3322 713 3379 sanctissimis
743 3323 814 3377 rotis
843 3323 1015 3386 satisfacere;
1052 3323 1093 3379 ιιΙ
1121 3324 1268 3379 lluttermnr
1296 3323 1378 3381 hahes
1404 3325 1492 3387 domi,
1521 3324 1689 3397 liugn-a

260 3409 432 3470 enodatius
453 3401 587 3464 delicium.
631 3407 736 3462 Interea
756 3408 823 3462 milri
844 3409 931 3480 magis
952 3407 1020 3463 libet
1042 3408 1091 3463 tihi
1113 3413 1231 3465 mentem
1254 3409 1331 3465 istam
1359 3409 1490 3484 episcopo
1512 3409 1640 3483 digna-
1665 3412 1711 3462 n²⁵

330 3510 409 3569 quam
426 3494 562 3550 fortunam
579 3491 727 3565 quamlibet
742 3490 856 3565 amplam
873 3492 1014 3566 gratulari.
1044 3511 1060 3548 o
1076 3491 1181 3550 felicem
1197 3492 1295 3549 Christi
1313 3493 1458 3569 populum.
1482 3494 1505 3550 si
1521 3493 1682 3569 passi-n

328 3579 469 3651 contingat
492 3576 561 3632 tales
590 3594 650 3632 esse
679 3576 825 3649 praesules,
855 3578 955 3650 quihus
984 3578 1083 3634 Christi
1112 3577 1200 3651 gloria
1229 3578 1296 3634 nihil
1324 3579 1360 3635 sit
1389 3579 1544 3654 antiquius,
1573 3578 1679 3652 etti

328 3680 495 3739 gemmarum
519 3661 620 3724 lucent,
644 3661 690 3734 qud
713 3662 771 3716 artri
795 3659 945 3734 fulgorem,
969 3664 1016 3735 qui
1037 3664 1144 3736 argenti
1160 3664 1291 3726 nitorem,
1315 3664 1360 3738 qui
1376 3663 1451 3738 byssi
1466 3663 1676 3720 candore-n.

329 3749 375 3822 qui
398 3747 472 3804 cocci
495 3747 600 3819 ignem,
624 3745 743 3802 breviter
766 3747 811 3819 qui
829 3754 917 3802 toturn
933 3747 1047 3803 baronis
1071 3755 1195 3803 ornatum
1219 3747 1340 3804 moribus
1362 3766 1393 3805 ac
1413 3749 1469 3804 rita
1491 3748 1673 3804 roten-nt

329 3832 427 3907 quihus
451 3832 530 3887 etiam
554 3831 576 3885 si
600 3829 710 3905 pallium
734 3848 764 3887 ac
786 3832 884 3905 pedum
907 3832 1047 3895 detrahas,
1078 3840 1167 3889 tamon
1188 3833 1333 3906 episcopos
1354 3851 1497 3907 agnoscas.
1542 3833 1570 3889 ln
1651 3837 1696 3884 lt!

225 3919 227 3924 '
328 3917 463 3978 Fortuna,
493 3933 573 3989 quam
601 3916 750 3989 antiquitas
777 3933 872 3972 crucam
902 3917 1031 3979 iaciebat,
1061 3917 1167 3974 oculata
1190 3918 1309 3974 ridetur:
1342 3920 1453 3992 generis
1476 3918 1515 3973 tui
1538 3917 1598 3973 lon
1621 3931 1669 3985 ge

327 4002 475 4059 clarissima
504 4008 646 4056 stemmata
675 4017 780 4055 morum
811 4008 919 4057 tuorum
949 4003 1115 4057 ornamentis
1143 4000 1278 4066 illustras,
1311 4003 1509 4078 archiepiscopi
1534 4003 1577 4076 dig
1595 3998 1666 4054 ιιι-

328 4094 411 4143 tatem
434 4086 504 4140 ritae
533 4085 691 4158 integritate
713 4084 901 4159 conduplicas;
935 4085 1107 4142 cardinalicio
1135 4087 1229 4160 galero
1257 4088 1349 4144 nescio
1378 4087 1443 4161 quid
1471 4082 1609 4143 maiestt
1622 4082 1663 4136 n's

327 4171 446 4227 additum
468 4170 588 4230 videtur,
611 4177 788 4242 posteaquam
813 4177 842 4225 tu
865 4188 920 4226 non
943 4171 1084 4226 recusasti.
1122 4170 1190 4239 Quid
1213 4179 1340 4246 superest
1362 4172 1414 4227 nisi
1438 4179 1468 4227 ut
1483 4171 1660 4228 Christum

328 4255 460 4328 optimum
482 4254 625 4309 irraximum
648 4271 864 4327 comprecemur,
888 4263 919 4309 ut
941 4255 1019 4311 istam
1043 4265 1160 4311 mentem
1184 4255 1246 4319 tihi,
1271 4264 1297 4312 te
1320 4256 1399 4312 uobis
1422 4274 1503 4330 quam
1525 4256 1614 4313 tint
1628 4251 1683 4306 ise

327 4339 394 4395 sime
417 4346 507 4393 servet
529 4336 709 4394 incolumem?
740 4339 859 4395 Lovauii.
883 4339 925 4395 xt.
948 4339 1055 4395 Calend.
1078 4340 1222 4397 lanuarias.
1246 4342 1323 4397 Anno
1346 4341 1511 4433 liblll'lll.

395 4602 620 4655 ¹Cerdinolitiae
633 4604 667 4654 B.
736 4602 863 4672 4ιιιυιιιε]
883 4611 1023 4672 permotus
1035 4608 1068 4658 B.
1089 4624 1115 4658 s.
1127 4623 1151 4657 r.
1163 4605 1200 4672 m]
1219 4591 1451 4659 reverendissime
1469 4614 1518 4658 tua
1535 4602 1648 4658 doni·
1739 4587 1741 4646 l

326 4690 412 4740 ustio.
482 4686 567 4754 ⁸ille]
587 4689 676 4739 Leoni
694 4690 727 4739 X.
748 4690 889 4753 adulatur,
908 4707 963 4741 non
982 4692 1119 4743 Christum
1139 4692 1264 4743 celebret
1281 4691 1340 4742 hl.
1411 4690 1433 4724 ¹⁰
1450 4692 1575 4743 deamen
1619 4684 1644 4735 B·

325 4772 343 4807 ¹⁸
363 4774 556 4826 solicitudines
574 4774 608 4824 B.
691 4772 712 4806 ¹⁹
736 4775 837 4825 frivolo
859 4775 962 4826 Siculis
985 4779 1073 4843 gerris
1096 4779 1221 4827 vsniors.
1246 4777 1343 4827 Aaron.
1368 4792 1409 4841 ep.
1429 4779 1466 4827 nd
1481 4769 1644 4841 Symaet-

321 4862 421 4925 grypho
438 4861 564 4925 proemiss.
633 4856 655 4889 ²¹
673 4859 761 4920 Quasi
774 4859 893 4910 Hutteni
911 4861 977 4912 ritis
995 4866 1152 4912 sanctorum
1170 4862 1351 4912 recensendis
1369 4865 1463 4927 epium
1480 4856 1643 4927 ingenium

325 4945 439 5008 fuisset,
465 4943 536 5009 quod
559 4958 706 5008 numquam
728 4944 860 4993 Erasmus
885 4949 934 4992 sut
958 4947 1066 4996 sincere
1090 4946 1195 4995 emovit
1218 4949 1266 4995 eut
1288 4962 1354 4996 vere
1373 4946 1534 4996 aestimavit:
1580 4952 1641 4989 nn-

324 5035 400 5080 tuum
422 5029 502 5079 scobi
524 5026 613 5079 voluit
636 5027 843 5078 Roterodomus.
919 5025 941 5058 ²⁹
964 5029 1063 5079 heron·
1084 5026 1185 5095 ornat]
1211 5029 1254 5079 cf.
1273 5030 1361 5079 Exod.
1380 5030 1506 5080 XXVIII.
1523 5030 1545 5077 d.
1577 5038 1638 5085 flut-

324 5110 458 5179 Fortuns]
478 5112 799 5180 Cf.Apul.Metemorph.
810 5112 1159 5179 v11.p.teu.e‹1.0udend.
1174 5113 1325 5166 etIIutteni
1338 5113 1405 5164 dial.
1420 5113 1529 5164 Fortun
1541 5102 1635 5171 §.tt
