3625 7050
311 1237 383 1309 350
421 1249 555 1302 CLXVII.
575 1263 785 1301 ermenmarus
799 1263 828 1299 nr
842 1263 927 1301 esau.
940 1263 1086 1299 enarrarre
1099 1264 1135 1298 mr
1149 1263 1261 1299 semen.
1275 1265 1338 1300 uxr.
1352 1265 1414 1300 err.
1424 1258 1460 1299 ²7.
1472 1264 1532 1300 nr.
1546 1259 1603 1300 ¹52⁰.
1706 1302 1709 1307 ,

309 1421 412 1482 Rheno
440 1423 579 1497 navigans
601 1419 637 1479 ad
660 1419 841 1479 Treverenso
870 1419 1061 1496 municipium
1090 1419 1255 1497 Bopardam
1284 1420 1508 1498 adplicuissem,
1537 1440 1603 1482 eon-
1667 1463 1715 1476 -

309 1525 511 1600 venissentque
534 1520 778 1597 christophorum
802 1519 1026 1589 Eselrenlelder,
1057 1522 1108 1599 qui
1131 1520 1248 1581 telonen
1274 1523 1339 1583 istie
1361 1524 1432 1601 agit,
1463 1531 1551 1603 atque
1573 1525 1603 1592 is,
1646 1569 1718 1599 ,.,

311 1619 368 1703 qua
390 1622 592 1684 berrevolentia
622 1622 715 1681 tonos
743 1628 771 1681 et
799 1621 931 1682 literatos
953 1641 1055 1681 omnes
1077 1624 1279 1700 prosequitur,
1310 1624 1431 1704 dentum
1454 1642 1503 1684 me
1524 1644 1604 1684 suam
1631 1648 1718 1690 nr

310 1727 492 1793 adduxisset,
516 1725 673 1801 hospitium
698 1722 854 1793 exlrilrenS,
878 1731 910 1783 ut
932 1722 1019 1800 paulo
1042 1731 1110 1783 ante
1125 1723 1248 1784 Erasmo
1265 1725 1390 1794 lecerat,
1413 1726 1520 1785 eximie
1536 1725 1604 1791 lihe-
1618 1757 1718 1787 -ε-

309 1827 422 1894 raliter,
452 1826 558 1887 deinde
586 1825 677 1885 libros
706 1844 782 1894 snos¹
799 1833 827 1885 et
853 1824 1084 1903 suppellectilem
1108 1826 1211 1886 ordine
1232 1833 1265 1885 ut
1286 1828 1319 1885 sd
1340 1825 1525 1896 ostenderet,
1553 1826 1735 1889 aliems

310 1929 428 2009 quidem
445 1927 500 1987 ridi
523 1928 592 1985 satis
614 1926 691 1986 lauta
714 1929 824 1995 onmia,
849 1928 900 1987 sed
923 1928 999 1986 inter
1020 1925 1112 1986 libros
1128 1927 1221 1986 inveni
1237 1927 1366 1988 vetulum
1382 1928 1531 2007 quendam
1547 1931 1662 2005 epi—
1683 1933 1715 1990 i·

311 2030 400 2090 stolas
422 2028 531 2107 aliquot
554 2029 768 2094 continentem,
791 2046 879 2104 quem
902 2027 972 2087 dnm
995 2029 1116 2105 inspicio
1138 2030 1282 2104 prirnunr,
1306 2029 1411 2088 deinde
1426 2028 1494 2106 lego
1511 2031 1625 2095 etiam.
1650 2049 1713 2098 n,

264 2118 268 2126 ¹
311 2150 375 2192 rem
399 2148 544 2207 cognosco
573 2128 700 2188 oblatam
730 2129 798 2187 milri
829 2129 948 2188 minime
971 2130 1229 2197 contemnendam,
1260 2131 1358 2207 itaque
1380 2129 1537 2209 perlegere
1558 2131 1649 2190 ad-
1663 2131 1713 2190 Ι·

252 2249 299 2298 §.a
313 2250 431 2311 gressus
458 2249 533 2290 sum.
578 2229 662 2299 Quod
691 2228 739 2288 ille
766 2232 951 2306 conspiratus
979 2231 1137 2291 admodum
1165 2232 1271 2307 errpide
1298 2248 1387 2307 agere
1415 2250 1479 2299 me,
1508 2231 1655 2291 volens-2
1670 2252 1711 2292 ns

311 2334 400 2393 eredo
421 2333 527 2393 imitari
549 2331 739 2391 Homericum
761 2330 843 2391 illum
865 2331 1034 2399 Nestorem,
1058 2321 1125 2408 πὰρ
1149 2329 1253 2406 ξείνια
1274 2327 1399 2411 θῆκεν,
1424 2340 1454 2392 et
1476 2332 1737 2395 libellum-unu

311 2435 389 2495 dono
412 2434 504 2502 dedit,
534 2433 722 2511 postridiana.
743 2433 935 2510 navigationis
957 2432 1120 2494 molestiam
1144 2435 1206 2493 eius
1235 2432 1360 2493 lectione
1382 2433 1489 2493 iubens
1512 2432 1661 2493 levari»
1675 2455 1709 2497 *e

310 2556 367 2597 me.
412 2535 456 2595 En
486 2535 568 2595 vohis
597 2540 811 2613 consequenter
840 2534 1048 2612 hospitalitium
1079 2536 1164 2594 amici
1192 2553 1314 2603 munus,
1348 2553 1366 2593 o
1395 2533 1492 2595 liberi.
1538 2536 1708 2613 qnioed

311 2639 388 2697 enim
411 2644 506 2715 potest
529 2636 655 2696 iueumle
677 2635 803 2695 adimere
825 2635 1002 2704 Huttenum,
1025 2655 1084 2714 quo
1107 2637 1131 2695 is
1153 2636 1210 2695 srui
1233 2623 1313 2696 solus
1334 2635 1415 2703 velit,
1444 2654 1502 2696 nee
1524 2637 1709 2701 honiffis

310 2723 649 2832 centenarionesuum
672 2737 828 2797 omnibus?
861 2744 911 2797 aut
934 2738 1003 2815 quld
1027 2745 1071 2797 est
1098 2738 1222 2796 iuvando
1252 2736 1369 2815 publico
1396 2739 1427 2797 in
1450 2739 1622 2800 Germania
1638 2745 1707 2804 ia

311 2840 389 2900 bono
411 2840 563 2908 idoneum,
587 2839 666 2916 quod
688 2837 779 2898 latere
802 2839 826 2896 is
848 2841 907 2916 pati
930 2839 1053 2899 debeat?
1085 2839 1180 2917 Atque
1202 2840 1313 2900 utinam
1340 2840 1383 2898 sie
1412 2838 1505 2899 multa
1530 2841 1734 2907 inre-51⁴5

263 2940 493 3009 r.r.nian1talia,
517 2946 550 2999 ut
571 2939 739 3017 publicandi
762 2960 795 2999 oa
817 2940 888 3000 milri
910 2958 1025 3027 summa
1047 2940 1181 3018 quaedam
1203 2939 1335 3017 voluptas
1357 2946 1411 3000 est.
1458 2941 1526 3001 Non
1548 2961 1706 3010 miz}

311 3049 393 3102 retur
410 3042 468 3114 ¹lrie
497 3042 614 3120 quidem
645 3060 711 3101 enm
741 3041 788 3110 us,
820 3060 894 3119 quos
922 3043 951 3101 in
975 3038 1113 3102 Fnldensi
1141 3060 1236 3119 nuper
1257 3041 1435 3102 bibliotheca
1458 3041 1558 3103 blattis
1580 3058 1704 3111 aa

311 3130 398 3204 earissr
420 3144 569 3203 inveniens
592 3142 701 3220 eripui,
725 3142 834 3212 Plinio,
858 3142 979 3212 Selino,
995 3141 1187 3215 Quintiliano,
1210 3141 1348 3203 Marcello
1367 3143 1485 3203 medico
1501 3152 1532 3204 et
1546 3144 1606 3204 ali?
1624 3152 1702 3212 its

285 3231 289 3237 ’
312 3238 488 3324 quibusdam
511 3246 690 3323 comparari,
719 3251 817 3304 tamen
840 3246 953 3322 siquem
981 3262 1029 3305 res
1057 3246 1119 3322 ipsa
1147 3247 1244 3321 potius
1271 3262 1358 3323 quam
1380 3245 1476 3304 oratio
1499 3245 1696 3322 adlicr'iit

251 3362 296 3413 §.u
311 3345 442 3405 nonnihil
470 3346 584 3406 adteret
613 3344 728 3423 publiea
759 3346 960 3423 expectatione
988 3346 1123 3423 dignum:
1161 3364 1229 3405 nam
1253 3364 1307 3424 ego
1329 3346 1476 3407 sermonis
1505 3348 1720 3421 ineo-n„

311 3449 478 3508 cinnitatem
501 3447 598 3507 saeculi
621 3446 698 3507 illius
720 3446 889 3507 inloelieitati
913 3448 1063 3518 condono,
1093 3448 1245 3508 materiam
1267 3467 1336 3509 vero
1359 3466 1425 3527 quae
1453 3447 1525 3508 inibi
1547 3455 1686 3514 tta—s.

310 3558 420 3618 etatur,
450 3549 494 3609 rel
517 3549 554 3608 olt
579 3550 606 3609 id
629 3548 718 3609 eredo
741 3548 841 3609 utilem
864 3550 942 3618 sore,
972 3551 1050 3627 quod
1079 3551 1147 3610 inde
1176 3550 1342 3628 perdiscent
1369 3557 1520 3611 nostrates
1540 3569 1680 3617 aessa.

310 3651 412 3711 demiae
441 3651 510 3730 quid
539 3670 597 3729 qno
626 3648 746 3709 consilio
768 3650 898 3710 iudicare
921 3654 1086 3719 conveniat,
1121 3651 1172 3711 ulti
1194 3651 1345 3714 lrabebunt
1367 3669 1433 3730 quae
1455 3652 1569 3712 imitent
1622 3676 1674 3719 un

309 3754 453 3812 maiorum
482 3771 603 3812 suorum
631 3752 779 3828 exempla,
814 3760 843 3811 et
869 3753 948 3831 quod
978 3748 1058 3812 orbis
1088 3759 1246 3831 eognosret
1272 3770 1360 3830 quam
1393 3770 1453 3812 non
1485 3772 1567 3832 crepe
1610 3762 1666 3820 rit

312 3873 407 3933 nuper
428 3861 530 3914 eontra
553 3851 764 3913 intolerabilem
787 3854 957 3930 pontificum
985 3856 1133 3914 avaritiam
1161 3874 1195 3914 ae
1224 3856 1344 3916 minime
1371 3854 1529 3916 serendum
1551 3858 1684 3928 ire-25

252 3980 296 4031 pr,
311 3958 437 4034 positum
460 3957 515 4015 sibi
537 3975 553 4015 a
576 3956 713 4015 llomanis
736 3955 797 4014 istis
820 3956 920 4030 iugum
942 3955 1103 4016 reclamare
1125 3957 1187 4016 ltaee
1210 3958 1298 4015 natio.
1341 3955 1506 4017 Voluerunt
1528 3976 1577 4018 en
1597 3960 1652 4019 im

309 4077 369 4118 non
392 4061 422 4118 in
444 4076 572 4119 resana
596 4065 624 4117 et
647 4057 787 4115 momenti
809 4056 968 4117 admodum
991 4057 1113 4126 nullius,
1137 4059 1226 4136 idque
1240 4059 1282 4117 sie
1298 4058 1454 4125 invidiose,
1479 4066 1513 4119 ut
1528 4076 1595 4118 ιιιι
1605 4076 1647 4118 ne

310 4160 357 4228 iit,
390 4158 488 4219 locare
517 4176 637 4236 operam
666 4158 741 4217 lianc
770 4158 938 4234 superiores
967 4158 1107 4237 theologi:
1141 4160 1171 4218 in
1194 4159 1283 4219 rebus
1305 4161 1482 4219 necessariis
1504 4168 1534 4220 et
1553 4177 1642 4218 ne

311 4261 397 4338 gotiis
419 4279 471 4320 sna
493 4261 675 4338 professione
698 4259 792 4335 dignis
814 4277 881 4319 eum
903 4259 1035 4336 periculo
1058 4261 1144 4321 etiam
1167 4260 1370 4321 desudandum
1393 4260 1449 4321 sibi
1471 4260 1639 4321 arbitr-ati

311 4370 387 4422 sunt.
433 4367 461 4420 et
483 4369 553 4422 tune
576 4362 751 4420 conscientia
775 4361 850 4420 dure
872 4360 1057 4431 ferebantur,
1088 4363 1175 4423 hodie
1196 4381 1296 4422 meros
1318 4361 1478 4440 palpones,
1507 4377 1660 4423 merosus

311 4462 512 4522 adsentatores
534 4464 696 4522 invenimus
717 4448 886 4537 theologos}
920 4464 972 4541 qui
993 4464 1135 4542 siquando
1161 4464 1291 4523 officium
1320 4463 1419 4524 faeere
1445 4482 1533 4524 suum
1561 4478 1631 4517 vo·

310 4563 389 4632 lunt,
419 4570 468 4623 aut
497 4566 526 4623 in
552 4565 638 4643 nugis
658 4564 815 4639 tragoedias
837 4571 969 4633 movent,
992 4573 1042 4625 aut
1064 4571 1096 4626 nt
1117 4565 1286 4643 potentibus
1307 4566 1370 4626 istis
1393 4566 1627 4643 gratificentur.

310 4665 395 4725 bonis
418 4664 585 4725 hominibus
605 4664 741 4724 invidiam
764 4665 934 4734 conciliant,
963 4684 1040 4744 saepe
1062 4666 1225 4744 perieulum
1248 4665 1425 4735 moliuntur,
1449 4659 1626 4745 aliquando

252 4792 296 4841 Μ,
312 4770 399 4828 etiarn
421 4768 581 4845 perniciem
604 4776 767 4829 accersunt.
812 4787 885 4847 quos
906 4786 966 4827 non
994 4767 1151 4846 praestabat
1179 4768 1281 4829 ledere
1307 4776 1359 4829 aut
1386 4768 1501 4847 quidvis
1526 4760 1621 4826 alind

311 4937 507 4947 ——-—-

376 5049 565 5106 'telonemt
645 5051 859 5120 4ρειιι1102...4.
941 5051 1067 5119 Erasmo]
1095 5054 1132 5104 ef.
1149 5055 1258 5104 Eresmi
1277 5069 1321 5120 ep.
1341 5053 1377 5105 ad
1394 5055 1476 5105 Beet.
1493 5054 1602 5105 Rhene

310 5155 374 5189 num
393 5140 418 5189 a.
437 5156 462 5189 a.
483 5139 556 5189 1518.
575 5141 604 5189 n
622 5138 692 5205 opp.
710 5141 796 5191 easn.
819 5139 892 5191 1540.
911 5139 959 5192 ror.
979 5139 1029 5188 m.
1049 5157 1074 5206 p.
1088 5139 1156 5197 aee,
1176 5139 1204 5188 tn
1222 5126 1333 5189 rems
1350 5140 1423 5206 epp.
1435 5141 1468 5190 L.
1480 5141 1510 5189 n.
1526 5131 1595 5186 urm

310 5224 358 5273 fol.
372 5225 433 5276 edd.
447 5241 473 5290 p.
487 5222 546 5273 372.
561 5230 643 5289 etque
664 5225 745 5289 epist.
760 5226 795 5274 ed
814 5227 902 5290 ipsum
920 5223 1155 5275 Esehenreldium
1173 5222 1198 5272 d.
1214 5221 1256 5272 19.
1269 5222 1332 5272 Oet.
1354 5223 1428 5274 1518.
1446 5224 1537 5274 datam
1556 5217 1587 5266 ed·

308 5308 373 5358 Bes.
397 5325 424 5374 p.
440 5306 496 5356 188.
510 5324 550 5373 sq.
570 5310 598 5357 in
617 5308 659 5357 ed.
673 5308 761 5373 Lngd.
774 5310 836 5358 Bet.
856 5326 881 5374 p.
895 5306 954 5358 353.
1012 5306 1023 5338 ⁵
1040 5321 1104 5357 suos
1121 5312 1191 5358 emta.
1206 5309 1281 5358 2...Ι.
1339 5308 1351 5340 ⁸
1369 5307 1510 5374 quemdem
1521 5304 1581 5353 M.

309 5390 331 5425 ¹⁰
347 5384 415 5456 πὰρ.
436 5390 460 5454 ξ.
474 5390 517 5457 m]
536 5392 689 5458 hospitalia
713 5393 849 5458 adposuit.
872 5394 985 5468 Homer.
1002 5392 1054 5441 Od.
1072 5392 1131 5442 XV.
1151 5391 1208 5443 188.
1278 5391 1300 5425 ¹⁴
1317 5409 1414 5443 comm.
1432 5390 1575 5443 matut-⁴.

309 5474 331 5507 ¹⁷
348 5478 383 5526 iis
402 5492 469 5542 quos
487 5473 547 5541 ete]
566 5476 637 5525 libro
654 5477 803 5527 Waltremi
824 5478 858 5527 de
881 5478 951 5525 unit.
971 5477 1041 5526 ecel.
1061 5490 1186 5528 eonserr.
1221 5476 1322 5541 Plynio
1334 5478 1368 5527 A.
1438 5475 1461 5511 '⁸
1477 5480 1572 5540 exspect

309 5564 384 5611 2...4.
436 5560 458 5593 ¹¹
477 5559 643 5610 ἰη1ο1.2...4.
696 5558 718 5593 ²³
736 5561 952 5611 hebebantM.
1005 5558 1028 5592 ³⁴
1046 5566 1192 5611 arcessunt
1204 5562 1280 5611 2...4.
