3625 7050
371 1233 480 1290 CXXX.
499 1247 604 1288 ensem
618 1247 680 1286 nos.
694 1246 730 1286 sn
745 1246 826 1284 assu.
841 1245 876 1283 nu
890 1243 985 1282 raons
999 1243 1074 1280 noso
1088 1243 1130 1280 ee.
1150 1232 1295 1278 o.ts.1vu.
1310 1233 1368 1276 ists.
1444 1212 1518 1288 283

225 1410 360 1486 protinus
379 1414 434 1469 aut
453 1407 587 1468 medetur
609 1410 663 1465 aut
682 1405 838 1480 componit.
881 1419 976 1478 neque
1000 1417 1167 1478 quenquam
1195 1417 1325 1475 unquam
1353 1403 1465 1464 dimisit
1490 1410 1522 1466 ut

225 1513 376 1573 inimicum
398 1516 452 1569 aul
470 1516 505 1568 ut
529 1509 674 1568 inimicus.
718 1509 789 1581 quin
812 1506 900 1622 Ιιψε
922 1507 1025 1587 damus
1046 1504 1155 1577 fatalis
1175 1505 1313 1578 quaedam
1333 1507 1449 1567 uidetur
1466 1508 1521 1581 se-

225 1617 338 1687 lieitas,
367 1615 398 1672 im
423 1627 484 1687 qua
510 1626 595 1669 nemo
621 1611 695 1668 uiuit
721 1610 773 1683 qui
796 1623 854 1666 nan
876 1599 1037 1682 prouectas
1062 1609 1101 1665 sit
1121 1606 1164 1664 ad
1184 1608 1332 1666 meliorem
1357 1608 1521 1683 fortunam,

225 1718 326 1777 nullus
355 1729 487 1789 unquam
515 1714 608 1771 ullam
631 1711 732 1784 samue
757 1709 852 1769 labem
877 1711 1038 1769 contraxit.
1087 1711 1157 1782 quin
1185 1711 1236 1767 uia
1272 1711 1347 1768 ullas
1376 1715 1521 1786 reperias,

225 1817 331 1894 quibus
357 1819 401 1877 sic
427 1816 597 1876 conuenerit
617 1829 684 1870 cum
712 1818 823 1883 mettre,
852 1817 884 1870 nt
907 1811 977 1870 braic
997 1827 1064 1870 cum
1087 1827 1229 1883 noamca,
1254 1827 1324 1870 nam
1347 1820 1438 1887 pater
1462 1817 1521 1874 iam

225 1921 353 1979 alaram
372 1917 551 1987 induxerat,
572 1919 728 1988 utramque
748 1930 807 1973 nan
828 1915 926 1973 minus
948 1915 1102 1973 adamarit
1122 1930 1160 1972 ac
1178 1918 1320 1981 matrem·
1352 1932 1449 1990 nuper
1470 1918 1522 1976 ia-

225 2021 467 2090 deminution,
491 2006 550 2075 bac
567 2015 674 2074 Morus
696 2023 798 2074 sancte
820 2015 936 2075 deierat
959 2033 991 2074 se
1019 2016 1095 2074 nibil
1116 2031 1247 2089 unquam
1275 2017 1383 2076 uidisse
1408 2021 1521 2078 melias.

225 2120 323 2181 Porro
348 2135 423 2193 erpa
446 2125 588 2195 parentes
616 2133 653 2176 ac
679 2116 785 2176 liberos
812 2129 986 2191 sororesque
1012 2120 1055 2176 sic
1079 2117 1206 2190 affectus
1232 2122 1288 2189 est,
1317 2124 1350 2177 ut
1368 2137 1423 2180 nec
1445 2128 1590 2189 ametist.

225 2224 345 2282 moleste
365 2237 420 2281 nec
439 2237 565 2296 usquam
593 2220 669 2278 desit
690 2218 792 2292 officio
810 2221 938 2292 pietatis.
970 2219 1092 2278 Animus
1112 2230 1155 2278 est
1173 2236 1192 2276 a
1210 2220 1331 2278 sordido
1345 2224 1430 2281 lucro
1443 2225 1522 2283 alie-

226 2326 378 2385 nissimus.
419 2322 534 2383 Liberis
556 2323 617 2381 suis
642 2322 762 2380 semovit
787 2336 804 2378 e
828 2319 1024 2392 facultatibus
1053 2322 1133 2395 quad
1152 2324 1217 2380 illis
1241 2325 1313 2380 satis
1339 2340 1401 2382 csse
1419 2329 1593 2399 putat-§.sn

225 2425 310 2502 quod
329 2432 476 2500 superest,
497 2426 624 2497 larqiter
645 2422 782 2497 effundit.
819 2421 890 2480 Cum
910 2423 1150 2482 advocationibus
1172 2423 1272 2481 adbuc
1292 2426 1431 2497 aleretur,
1451 2430 1528 2486 nulli

226 2542 288 2586 nom
309 2525 393 2584 dedit
413 2527 540 2585 amicum
558 2541 717 2598 aerumque
733 2525 902 2594 consilium,
924 2527 1020 2597 maqis
1035 2514 1153 2583 illorum
1168 2525 1326 2584 commodis
1340 2530 1526 2603 prospiciens

226 2643 320 2704 quam
333 2614 410 2696 suis,
425 2630 580 2703 plerisque
602 2629 703 2686 salitus
721 2625 923 2700 persuadere,
947 2629 990 2685 uti
1001 2628 1080 2685 litem
1096 2634 1315 2700 componerent,
1337 2629 1433 2688 minus
1447 2632 1525 2689 enim

227 2730 279 2789 llic
299 2727 373 2802 sore
395 2728 561 2803 dispendii:
594 2729 627 2787 id
646 2730 673 2806 si
692 2729 789 2785 minus
814 2727 1004 2802 impetrabat,
1034 2734 1093 2785 tam
1121 2730 1264 2786 rationem
1291 2729 1444 2789 indicabat
1465 2748 1525 2805 qua

226 2841 349 2907 possent
375 2846 464 2905 quam
492 2833 610 2888 minimo
637 2829 795 2903 dispendio
816 2830 952 2902 litipare,
983 2829 1104 2903 quando
1128 2830 1303 2904 quibusdam
1332 2830 1381 2889 luia
1408 2834 1526 2892 animus

227 2940 287 3005 est,
314 2939 348 2992 ul
373 2932 471 2991 litibus
495 2935 583 2990 etiam
605 2932 795 2992 delectentur.
838 2930 877 2988 In
898 2930 971 2989 urbe
990 2930 1202 3002 londoniensi,
1232 2934 1262 2990 in
1284 2949 1344 3005 qna
1366 2941 1453 2991 natus
1473 2941 1595 3006 estias.

229 3050 327 3094 annos
344 3036 456 3109 aliquoi
475 3032 603 3091 iudicem
621 3034 682 3106 epit
702 3034 732 3090 in
754 3034 853 3091 cauusus
872 3032 1022 3100 ciuilibus:
1048 3033 1082 3090 id
1095 3050 1201 3093 murnuts
1219 3040 1252 3091 ut
1272 3036 1422 3093 minimam
1440 3036 1528 3095 babet

228 3137 345 3207 oneris,
367 3129 450 3214 (nam
471 3150 531 3193 naa
553 3133 673 3202 sedetur
695 3136 755 3192 nisi
775 3133 823 3192 die
844 3133 924 3192 Iouis
944 3148 1036 3208 usque
1055 3136 1098 3194 ad
1115 3124 1295 3215 prandium)
1322 3138 1363 3194 ita
1390 3141 1528 3213 cumpri-

228 3239 287 3296 mis
308 3236 501 3308 honorificum
523 3236 657 3295 nabetur.
695 3250 779 3293 nemo
799 3237 902 3310 plures
924 3252 1033 3295 causas
1056 3237 1190 3309 absoluit,
1213 3254 1296 3297 nemo
1317 3254 1349 3297 se
1366 3242 1458 3313 pessit
1476 3243 1528 3299 iu-

231 3339 362 3413 teprius,
383 3339 508 3397 remissa
526 3339 678 3412 plerisque
696 3339 825 3411 pecunia
847 3354 937 3410 quam
958 3354 999 3396 ex
1015 3342 1197 3413 praecripto
1211 3339 1315 3398 debent
1328 3342 1381 3413 qai
1395 3343 1528 3414 litiqant:

228 3439 377 3515 siquidem
403 3445 472 3497 onte
500 3440 559 3498 litis
584 3441 821 3498 contestationem
849 3445 932 3499 actor
960 3441 1081 3515 deponit
1111 3459 1167 3500 sex
1194 3441 1370 3514 draclumas,
1411 3445 1527 3504 totidem

229 3557 317 3614 rens,
347 3557 403 3600 nec
421 3543 549 3615 amplius
571 3543 728 3615 quicquam
746 3540 801 3613 sas
823 3548 867 3599 est
886 3544 1019 3614 ccipere.
1064 3542 1120 3602 His
1141 3545 1270 3603 moribus
1289 3544 1400 3617 effecit,
1430 3555 1462 3603 ut
1481 3545 1598 3605 σι’-Μ’·

230 3646 318 3703 vilati
343 3659 407 3701 suoe
433 3644 519 3715 tanqe
544 3643 737 3702 charissimus
764 3648 847 3701 esset.
896 3643 1078 3702 Ilerreaerat
1101 3652 1198 3703 antem
1226 3646 1286 3705 luae
1309 3646 1437 3719 fortuma
1468 3663 1530 3706 esse

230 3750 400 3815 remeatus,
428 3760 496 3818 quae
521 3750 550 3803 et
575 3746 647 3803 satis
674 3744 795 3810 baberet
814 3746 982 3803 auctoritatis
1010 3762 1064 3804 aec
1089 3753 1186 3805 tamea
1212 3753 1288 3806 essct
1306 3750 1450 3821 qraoibus
1474 3748 1529 3807 ob-

233 3848 329 3905 noxia
346 3847 502 3920 periculis.
546 3844 642 3904 Semel
668 3853 755 3920 atque
781 3848 887 3904 iterium
914 3854 1055 3905 extrusus
1078 3856 1121 3905 est
1149 3849 1180 3905 in
1202 3851 1392 3922 leqatianem,
1419 3852 1449 3906 in
1470 3865 1530 3922 qua

232 3962 302 4007 cum
315 3963 360 4006 'se
384 3947 588 4006 cordatissime
612 3950 763 4019 pessimat,
794 3963 851 4005 non
877 3950 1042 4020 conquieuit
1067 3950 1269 4007 serenissimus
1292 3967 1350 4008 rea
1370 3949 1529 4023 Hearicus,

231 4050 298 4108 eius
325 4049 452 4107 nominis
478 4056 611 4120 octavus,
641 4049 734 4108 donec
761 4049 904 4107 bominem
931 4050 961 4106 in
993 4051 1093 4108 aulam
1124 4067 1209 4109 suam
1235 4051 1439 4126 pertraheret:
1474 4067 1530 4109 eutr

232 4151 313 4208 emim
335 4164 394 4207 nom
414 4149 514 4209 dicam
536 4146 760 4224 ‘pertraheret'l
792 4152 891 4209 nullas
914 4167 1043 4224 unquam
1065 4153 1260 4211 urenementins
1287 4154 1390 4211 ambiit
1415 4154 1445 4210 im
1468 4153 1599 4210 aut-935·

233 4251 295 4310 lam
318 4251 449 4327 admitti,
477 4267 566 4324 quam
591 4251 639 4310 liic
659 4252 772 4311 studuit
791 4250 959 4323 effupere:·
975 4269 1076 4310 aeram
1098 4270 1164 4312 cum
1186 4261 1262 4314 esset
1286 4257 1393 4329 optimo
1414 4256 1481 4329 reqi
1501 4255 1553 4312 in'

235 4354 337 4412 animo
355 4352 507 4425 familiam
529 4369 613 4411 suam
636 4353 776 4423 eruditis,
796 4353 954 4425 praeibas,
980 4356 1113 4414 cordatis
1133 4361 1164 4414 et
1184 4359 1307 4432 iateqris
1328 4360 1399 4416 airis
1421 4355 1532 4429 differ-

233 4461 296 4513 tam
316 4454 460 4526 reddere,
487 4470 553 4513 eum
576 4457 651 4514 alios
670 4458 831 4529 permultos
853 4461 914 4513 tuum
925 4456 1045 4514 Marum
1065 4460 1096 4516 in
1111 4460 1219 4533 primis
1241 4461 1360 4530 accinit,
1383 4475 1467 4533 quem
1490 4460 1533 4516 sic

233 4557 266 4615 in
288 4556 399 4613 intimis
420 4554 559 4614 habetat
580 4572 600 4613 a
621 4574 653 4615 se
674 4573 828 4630 quitquam
844 4558 983 4632 patiatur
1006 4559 1177 4630 discedcre;
1206 4563 1266 4620 siae
1285 4564 1372 4620 seriis
1393 4559 1531 4619 utendum

233 4663 292 4729 est,
318 4657 660 4728 malliacensensis,
690 4661 750 4717 siae
775 4660 866 4717 nisum
893 4666 938 4717 est
961 4663 1029 4732 cepi
1051 4660 1167 4733 sabulis
1189 4662 1399 4722 amoenioribus
1420 4663 1532 4720 latrare
1575 4702 1577 4706 ,

233 4763 384 4831 animum,
412 4761 493 4818 anullo
521 4774 617 4817 comes
640 4758 786 4831 festiuum.
829 4776 910 4833 saepe
931 4777 979 4820 res
999 4763 1106 4820 ardum
1123 4763 1250 4822 iadicem
1269 4779 1393 4836 mauram
1412 4771 1442 4820 et
1458 4766 1601 4821 cor-ibt.

235 4862 341 4921 mlum
359 4861 527 4936 postulant:
559 4860 615 4919 aas
643 4863 685 4920 sic
713 4860 819 4919 literas
846 4861 979 4933 discutit,
1010 4871 1042 4921 at
1068 4871 1195 4936 ttlrilqtle
1216 4880 1295 4939 pars
1321 4864 1430 4922 lrabeat
1453 4880 1533 4935 qra-

234 4964 327 5030 tiam:
359 4979 413 5022 nee
435 4962 593 5021 tamenab
613 4978 647 5021 ea
668 4964 823 5036 pruisquam
849 4963 1031 5036 impetrauit,
1060 4970 1092 5023 ut
1111 4980 1217 5024 munus
1239 4982 1259 5024 a
1281 4981 1428 5040 quoquam
1447 4967 1533 5023 acci-

227 5070 339 5139 peret:
367 5062 475 5135 selu‘ees
495 5063 711 5138 respublicas,
740 5066 768 5121 si
788 5063 871 5121 Mori
889 5066 999 5124 similes
1020 5068 1213 5139 maqistratus
1238 5068 1344 5141 ubique
1366 5068 1535 5141 praeficeret

228 5167 388 5242 princeps.
423 5182 478 5225 rece
500 5168 616 5225 interim
639 5167 730 5223 ullum
752 5166 876 5223 accessit
895 5169 1104 5240 supercilium:
1125 5170 1203 5227 inter
1224 5174 1322 5227 latitas
1344 5171 1602 5241 neqoctarnmsor.

231 5265 326 5326 moles
357 5272 385 5325 et
412 5273 540 5327 aeteruum
565 5268 760 5327 amiculorum
788 5268 932 5340 meminit,
962 5276 990 5327 et
1017 5269 1061 5327 ad
1085 5271 1189 5329 literas
1219 5270 1378 5328 adamatas
1410 5269 1534 5329 subinde

302 5483 409 5535 ’inim
425 5490 597 5536 aututomis.
613 5488 671 5554 m.
712 5481 866 5548 ³qu07.8.
907 5485 1051 5550 profectus
1066 5491 1090 5538 1.
1100 5492 1123 5538 7.
1134 5491 1159 5538 8.
1206 5487 1534 5539 ⁴ismoridiculoerrorc

231 5573 293 5622 7.8.
331 5568 576 5639 ’unquamimqq
613 5570 635 5604 ¹⁰
648 5569 673 5638 e]
688 5576 716 5621 ot
727 5571 786 5620 ab.
823 5562 1119 5627 ¹⁶L0ndiniensis...8.
1154 5573 1174 5607 ²¹
1189 5578 1271 5625 sext.
1291 5576 1358 5627 treis
1369 5591 1392 5625 s.
1403 5578 1461 5624 tres
1472 5581 1532 5625 cett.
