3625 7050
261 1205 335 1283 286
372 1220 482 1274 CXXX.
501 1236 605 1273 aursni
618 1237 655 1274 ru
669 1237 751 1275 auur.
765 1236 809 1276 rr.
841 1218 965 1273 CXXXI.
979 1237 1061 1275 uvrr.
1075 1234 1112 1273 nu
1125 1235 1227 1275 nares.
1241 1235 1286 1274 er.
1300 1235 1327 1274 υ.
1340 1231 1376 1273 aa.
1390 1236 1447 1275 m.
1461 1230 1517 1274 ists.

190 1410 249 1460 §.tt
262 1398 410 1472 Cupnioni
432 1395 504 1454 tene
525 1413 588 1455 esse
612 1398 741 1468 pendeo.
785 1395 946 1455 Frorrciscr‘
965 1394 1114 1469 Sirt'inpii
1134 1412 1238 1456 nonen
1260 1413 1319 1456 non
1348 1398 1447 1456 sinent
1466 1399 1552 1456 emori

191 1513 250 1563 §.sa
259 1502 370 1567 literae,
386 1500 446 1556 nisi
460 1500 548 1557 uelint
562 1499 785 1571 inprotitndinis
796 1500 954 1572 postulari.
986 1497 1031 1556 lie
1044 1497 1132 1555 reirns
1148 1500 1256 1557 nostris
1270 1500 1365 1557 otios·
1386 1516 1469 1557 nnne
1483 1499 1553 1557 ittud

259 1590 388 1659 tontum:
420 1600 537 1658 restio
558 1601 768 1658 sordidissimis
788 1600 989 1675 sycophantiis
1011 1601 1126 1671 opiter,
1148 1601 1253 1674 qnitms
1271 1601 1386 1660 ortibus
1405 1608 1439 1660 nt
1455 1603 1552 1674 impo-

259 1719 320 1762 rem
342 1720 387 1761 me
405 1701 510 1774 sotem
530 1718 647 1760 necesse
666 1708 718 1761 est.
761 1705 853 1777 siquis
873 1708 917 1760 est
937 1701 1022 1759 istinc
1044 1703 1097 1774 qni
1118 1703 1223 1774 rnpr‘ot
1243 1708 1338 1761 ortem
1360 1703 1552 1777 sycophanti-

258 1821 326 1864 oom
347 1805 475 1876 discere,
498 1805 635 1863 indicato
656 1806 702 1862 itti
719 1804 868 1876 quendum
883 1803 970 1861 ienins
984 1803 1152 1877 discipline
1165 1805 1273 1860 mirnm
1289 1807 1450 1876 artificem,
1470 1817 1595 1877 quem:

258 1907 328 1965 linio
348 1909 395 1964 rei
412 1909 505 1980 plone
525 1914 627 1964 rantum
649 1906 750 1964 dicos:
780 1907 877 1964 minus
900 1905 991 1963 bonos
1017 1910 1119 1962 orotor
1142 1904 1258 1976 t'irero,
1286 1921 1377 1978 qnam
1398 1906 1448 1964 tic
1468 1921 1552 1979 speo-

256 2008 390 2083 pInmto,·
419 2015 448 2066 et
467 2010 581 2082 reperit
601 2009 710 2066 dociles
737 2010 842 2065 multos
865 2006 951 2080 opud
969 2022 1031 2064 nos.
1076 2005 1213 2066 Nondum
1236 2014 1352 2082 tempus
1373 2016 1432 2079 est,
1456 2023 1551 2065 rernm
1618 2042 1640 2081 ῃ

258 2110 341 2168 breed
360 2109 438 2168 uobis
457 2111 602 2168 ironrirrem
624 2109 847 2178 commendabo,
868 2114 901 2166 nt
921 2124 978 2181 qno
1000 2109 1109 2180 dipnns
1128 2115 1173 2166 est
1187 2108 1324 2182 qnodque
1337 2110 1443 2167 misere
1456 2107 1550 2177 ondit,
1575 2162 1632 2193 ἱ,

258 2215 386 2271 omrrinm
407 2212 591 2270 eruditorum
611 2213 705 2269 literis
725 2210 903 2281 celebretur,
923 2217 1090 2282 portentum
1113 2212 1211 2268 nerins
1232 2226 1323 2283 quom
1345 2210 1439 2270 torno.
1475 2208 1640 2286 BenQ

258 2317 335 2372 note.
381 2313 552 2386 Antuerpioe
574 2311 687 2370 decimo
709 2312 831 2370 Cotend.
854 2312 987 2383 Arrpnsti.
1033 2311 1117 2370 Anrro
1139 2311 1183 2369 M.
1191 2311 1229 2369 D.
1237 2311 1330 2369 XIX.

721 2543 1028 2562 w*
1040 2551 1069 2556 --

275 2801 436 2836 nouvurma.
815 2764 995 2840 CXXXI.
1064 2824 1071 2837 .
1324 2792 1360 2833 aa.
1373 2799 1430 2835 rra.
1444 2781 1525 2846 (tatu.)
1604 2808 1611 2819 ·

377 2935 575 2997 HVTTENVS
599 2935 776 2997 ARNOLDO
800 2936 872 3016 [DE
894 2935 1131 3016 GLAVBERG]
1156 2934 1226 2996 SVO
1249 2935 1435 2997 SALVTEM.

421 3054 468 3119 [ci.
489 3056 575 3105 einsd.
596 3056 631 3104 ad
650 3055 730 3105 eund.
752 3073 793 3121 up.
813 3055 838 3104 d.
853 3054 894 3105 30.
908 3055 995 3119 April.
1011 3054 1084 3105 1519.
1104 3055 1160 3104 rint.
1174 3071 1200 3103 n.
1215 3055 1312 3106 cxlx.
1325 3057 1341 3116 §
1355 3055 1393 3118 8.)

201 3188 247 3236 §.n
343 3174 428 3244 Quod
450 3192 487 3235 ne
509 3177 624 3251 speravi
646 3174 764 3253 quidem
788 3175 851 3234 iore
874 3181 906 3233 ut
927 3192 984 3233 una
1001 3174 1103 3233 essetis
1118 3181 1150 3233 tu
1165 3174 1315 3252 fraterque
1331 3180 1360 3234 et
1374 3192 1459 3234 socer
1473 3181 1542 3234 tun
1584 3190 1611 3237 ἃ

257 3277 286 3336 id
309 3295 387 3336 nnnc
409 3278 448 3336 ita
472 3275 581 3335 trabere
604 3277 740 3352 cognovi,
770 3282 798 3334 et
821 3277 976 3335 exanimo
1005 3275 1128 3353 gaudeo.
1173 3295 1239 3354 quiae
1267 3283 1388 3352 possunt
1413 3295 1445 3337 se
1472 3278 1631 3336 enims

257 3377 394 3439 meliores
421 3378 492 3437 dare
521 3379 690 3436 occasiones
718 3377 853 3454 exigendi
882 3384 975 3436 totum
1003 3379 1152 3454 negotium
1186 3378 1304 3436 meum?
1336 3377 1479 3445 Proinde,
1509 3378 1603 3436 imi

257 3480 454 3540 amantissime
476 3477 619 3546 Arnolde,
642 3480 667 3538 si
689 3496 818 3557 iniquam
841 3480 938 3556 prius,
962 3497 1041 3538 nuno
1063 3479 1182 3539 ssutteni
1204 3496 1319 3540 memor
1333 3481 1390 3539 sis:
1412 3480 1469 3540 iam
1484 3477 1531 3539 ta·
1545 3487 1597 3538 aet

258 3583 370 3642 animos
393 3581 443 3640 tihi
467 3579 648 3656 singulorum
672 3580 855 3657 perdiscere,
879 3582 937 3639 iam
960 3599 995 3640 ex
1018 3580 1144 3658 quadam
1160 3582 1242 3658 quasi
1257 3580 1376 3659 specula
1392 3579 1590 3641 intuehrris

201 3685 287 3746 §.ain
316 3682 435 3742 consilia
464 3683 603 3742 omnium.
654 3681 691 3741 Et
714 3683 836 3741 fortasse
859 3700 918 3759 quo
940 3690 1034 3742 mater
1055 3682 1201 3751 intendat,
1230 3682 1343 3744 facilius
1366 3686 1422 3743 erit
1444 3700 1583 3760 cogno·

256 3804 355 3853 suere,
379 3783 458 3863 quod
480 3781 637 3843 muliorum
659 3783 689 3841 in
712 3789 813 3859 aperto
836 3784 898 3842 iere
920 3791 989 3843 suut
1010 3802 1075 3862 qnae
1097 3790 1316 3862 proposuerunt
1343 3784 1408 3844 sibi.
1453 3784 1597 3862 itaquis

209 3884 212 3888 ’
255 3904 356 3947 senem
385 3888 481 3963 ipsum
509 3884 654 3954 suborua,
688 3885 737 3961 qui
768 3884 843 3944 liano
870 3886 1047 3961 provinciam
1078 3884 1180 3944 obeat:
1214 3887 1277 3961 ipse
1306 3893 1455 3963 tempora,
1486 3886 1566 3962 ipse

227 4007 367 4057 smores,
396 3990 458 4065 ipse
480 3985 601 4045 morium
625 3986 755 4054 noverim
790 3986 867 4062 ipse,
898 3986 977 4063 quod
1000 3985 1152 4047 iuvenibus
1175 3984 1259 4045 nohis
1287 3986 1404 4048 difficile
1432 3994 1486 4054 est,
1527 3997 1556 4045 ui

255 4088 425 4148 simulemus
448 4095 477 4147 et
499 4086 730 4156 dissimulemus,
754 4094 816 4147 arte
838 4087 1042 4165 aggredietur:
1066 4106 1082 4146 a
1104 4086 1191 4166 lunge
1213 4095 1242 4147 et
1264 4107 1300 4148 ex
1318 4081 1434 4149 insidiis
1455 4104 1546 4165 oppu-

198 4190 355 4267 §.agnabit
388 4191 475 4250 unius
510 4190 651 4267 cuiusque
689 4190 924 4248 taciturnitatem.
970 4187 1055 4259 Quod
1083 4195 1116 4249 nt
1150 4188 1213 4258 flat,
1249 4207 1309 4248 non
1338 4189 1422 4250 facile
1452 4186 1538 4249 eredis

255 4297 396 4368 quantum
419 4290 540 4349 intersit.
586 4291 642 4348 iam
665 4289 736 4349 nihil
758 4291 835 4349 enim
858 4291 935 4350 scire
957 4290 1050 4360 malo,
1079 4309 1167 4368 quam
1196 4292 1300 4351 matris
1327 4290 1405 4352 illius
1425 4309 1484 4369 que
1504 4289 1552 4345 sit-⁴⁵

255 4409 353 4461 meus,
377 4391 446 4468 qnid
460 4397 619 4469 proponat,
641 4406 702 4470 'quo
718 4392 852 4468 coningio
868 4410 951 4451 snam
967 4391 1088 4452 clinnum
1103 4392 1259 4453 ironestare
1281 4392 1449 4462 ruminetur,
1469 4405 1525 4468 *1⁰25

255 4578 377 4640 cxxxi.
397 4565 453 4626 ‘Ito
470 4578 525 4626 lime
543 4578 624 4627 adine
641 4579 738 4627 inedito
755 4577 865 4640 „Vlriei
884 4577 919 4626 ab
938 4579 1058 4638 ssuttra,
1078 4578 1188 4642 Equitis
1207 4578 1242 4627 ad
1254 4577 1404 4629 Amoldum
1415 4578 1445 4627 de
1456 4573 1517 4625 (iisn-

255 4662 324 4728 burg
347 4661 485 4727 Epistola,
512 4663 591 4711 cuius
616 4662 817 4727 autographum
841 4668 969 4712 servatur
992 4679 1009 4711 a
1032 4662 1164 4712 (ieneroa.
1188 4662 1312 4713 Familia
1335 4663 1514 4713 Dominum·

255 4746 398 4813 Gluuburg
415 4748 506 4797 Fiurti
526 4748 562 4797 ud
579 4748 716 4796 Moennm”
735 4747 876 4811 descripta
895 4752 939 4795 est
957 4763 990 4796 ex
1008 4747 1237 4798 Burekhardiano
1255 4745 1514 4806 nannetensium

288 4832 347 4882 ron.
368 4832 514 4882 intima.
535 4833 562 4880 in
581 4832 660 4880 cuius
679 4837 757 4897 tergo
777 4837 833 4882 est:
853 4846 1058 4881 enumerem
1077 4847 1112 4880 mr
1131 4846 1198 4882 vrrs
1216 4846 1250 4881 ac
1270 4847 1397 4882 scamma
1414 4835 1490 4881 mm

831 4931 965 4966 nursam.

322 5101 492 5169 ¹Cingliil.
529 5102 643 5169 Sychnij
657 5107 683 5153 2.
720 5103 918 5154 Sichniim.
954 5102 1065 5168 Sikiugi
1080 5108 1103 5153 7.
1114 5105 1138 5153 8.
1175 5102 1339 5170 Sickingum
1356 5099 1509 5153 volumen·

253 5193 345 5253 paret,
365 5189 509 5254 scripserit
527 5194 619 5237 autem
638 5190 768 5239 Erasmus
786 5189 910 5253 SirlrtpiJ',
930 5204 984 5238 uon
1002 5188 1107 5250 Sicanii,
1126 5187 1198 5237 unde
1219 5187 1269 5237 illa
1287 5193 1412 5252 corrupta
1427 5173 1510 5232 nomin*

254 5277 322 5321 unte
340 5277 411 5321 sunt.
470 5274 564 5323 ⁴istic
579 5275 603 5323 8.
662 5272 785 5322 '’Utrum
806 5274 834 5322 in
853 5275 938 5323 Leum
958 5289 994 5322 an
1012 5274 1040 5321 in
1058 5272 1282 5338 Egmonrlanum,
1301 5261 1508 5323 Letomumsutu-

253 5372 346 5406 remve
365 5372 400 5405 an
420 5358 448 5406 in
466 5358 551 5408 ulium
570 5357 706 5422 quendam
726 5357 866 5406 inimicum
884 5372 962 5408 suum
980 5374 1030 5423 pro
1048 5373 1098 5407 suo
1121 5373 1196 5408 mora
1215 5356 1340 5408 modeste
1357 5357 1383 5407 h.
1395 5354 1411 5403 l.
1423 5340 1508 5436 init}¹¹

254 5441 397 5502 Erasmus,
428 5458 499 5492 nunu
528 5459 583 5493 non
613 5442 730 5506 inquiro.
802 5439 823 5473 ¹⁰
845 5442 1011 5507 Autverpia,
1041 5440 1084 5491 23.
1103 5439 1182 5503 Iulii,
1212 5440 1293 5492 Anno
1313 5438 1385 5490 1519.
1400 5439 1421 5486 5.
1438 5433 1506 5495 (0¹⁰⁸-

253 5525 342 5589 Anno)
356 5531 381 5576 7.
391 5529 415 5577 8.
