3625 7050
241 1227 425 1276 Lanrmsn
435 1232 744 1275 rrncnra.nr.n.tt.rrs1.
764 1223 825 1272 LII.
839 1235 1074 1272 messanensi)
1085 1230 1434 1271 rrassu.nr.n.at.1vrr.1stt.
1467 1207 1538 1280 135

241 1395 367 1468 Quidam
390 1397 453 1457 eius
475 1393 586 1454 ordinis
609 1395 700 1462 trater
722 1392 800 1470 apud
824 1390 1052 1451 contubernales
1074 1407 1157 1450 meos
1179 1391 1300 1452 ellutivit
1323 1392 1440 1452 audisse
1455 1411 1487 1453 se
1502 1412 1538 1452 er

239 1498 419 1578 liugostrato
447 1497 682 1576 persecutionem
712 1496 776 1554 iore
800 1494 829 1552 in
851 1493 1007 1554 Erasmum
1030 1499 1152 1571 propter
1168 1492 1238 1552 Novi
1254 1493 1432 1554 Testamenti
1445 1501 1537 1555 teme-

239 1601 366 1670 rariam,
390 1605 423 1661 nt
444 1599 492 1660 ille
514 1599 569 1667 ait,
593 1598 759 1658 editionem.
805 1594 893 1656 crede
915 1595 1000 1665 mibi,
1023 1595 1078 1654 nisi
1099 1595 1248 1673 quippiam
1269 1597 1306 1655 sit
1328 1596 1405 1674 quod
1428 1615 1536 1675 magno

239 1700 282 1762 illi
303 1701 401 1763 dudio
424 1707 585 1769 conentur,
603 1709 674 1759 'non
697 1699 792 1759 lassus
815 1704 900 1758 esset.
945 1698 969 1756 si
992 1697 1042 1757 ubi
1064 1699 1101 1756 sit
1123 1696 1278 1767 Erasmus,
1308 1705 1411 1758 uotum
1434 1697 1563 1769 babest.
1576 1709 1595 1751 t.

225 1803 355 1874 sscrtte,
379 1810 408 1864 et
430 1821 466 1863 en
487 1821 536 1862 me
558 1802 706 1862 hominem
723 1799 830 1867 salutm
855 1800 923 1858 item
940 1800 1135 1876 tlapnionem,
1160 1800 1206 1858 cui
1230 1800 1307 1878 quod
1331 1819 1390 1859 non
1413 1819 1535 1879 possum

238 1906 303 1966 sine
326 1906 371 1965 sui
394 1903 526 1982 periculo
548 1902 695 1973 scribere,
718 1920 794 1980 pene
817 1901 978 1978 dirumpor.
1026 1901 1095 1961 iube
1118 1920 1181 1961 esse
1203 1901 1282 1961 bono
1304 1903 1411 1962 animo.
1456 1921 1531 1962 nun·

241 2024 330 2086 quam
353 2006 458 2074 deero,
481 2012 514 2065 ut
536 2005 683 2065 communi
707 2002 854 2082 periculo;
878 2021 975 2081 neque
997 2010 1028 2063 ut
1049 2010 1132 2062 tuear
1147 2005 1287 2081 patriam,
1311 2004 1339 2064 id
1357 2011 1399 2064 est
1414 2003 1534 2075 litteras,

240 2108 413 2169 dubitavero
436 2124 504 2168 cum
526 2107 606 2167 bono
630 2107 690 2165 tiro
713 2103 758 2164 vel
781 2106 811 2164 in
826 2104 928 2183 Καμπ
950 2105 1128 2182 impingere,
1152 2124 1329 2184 quamquam
1344 2112 1377 2167 tu
1392 2106 1449 2166 lroc
1463 2109 1535 2165 tanti

242 2210 347 2278 iacias,
371 2216 403 2270 ut
425 2211 455 2268 in
479 2209 617 2269 extremis
639 2207 749 2267 ducere
771 2205 906 2267 videaris.
939 2205 1008 2267 Vale
1030 2208 1146 2274 iterum.
1176 2206 1313 2267 Nondum
1335 2208 1459 2268 vidimus
1481 2209 1534 2268 Ca-

225 2311 358 2389 >patonis
381 2310 592 2388 Triumphum;
616 2310 707 2370 mitte.

695 2524 1076 2540 ---—--——

264 2747 405 2783 mannus.
842 2713 927 2785 LII.
1339 2741 1373 2780 ar.
1388 2746 1447 2780 rvr.
1462 2740 1520 2780 ists.

564 2887 725 2942 etrusca
747 2848 911 2943 senarius
933 2886 1064 2942 snlsuo
1087 2886 1149 2943 svo
1180 2888 1205 2943 s.

323 3021 462 3080 Udalricu's
485 3023 635 3084 llutteuus,
665 3023 717 3084 vir,
749 3029 880 3096 quantum
903 3041 936 3078 ex
957 3024 1016 3078 cius
1039 3041 1094 3078 uno
1116 3042 1265 3097 congressu
1287 3025 1421 3082 conticere
1444 3026 1528 3087 licuit.
1542 3033 1587 3082 §.t

241 3126 298 3166 cum
321 3109 444 3165 moribus
468 3116 530 3187 tum,
547 3107 647 3163 litteris
671 3108 873 3169 ornatissimus,
909 3115 938 3163 ut
962 3106 1062 3163 Erasnu'
1090 3109 1252 3183 discipulum
1282 3128 1430 3183 agnoscas.
1465 3130 1479 3166 a
1503 3105 1547 3167 tc'

225 3194 303 3250 »mibi
326 3194 442 3249 salutem
465 3193 539 3248 dixit.
584 3192 649 3247 Eum
679 3210 745 3265 ego,
780 3201 806 3247 ut
837 3210 886 3266 par
914 3200 986 3254 erat,
1021 3193 1136 3267 primum
1166 3203 1213 3250 tuo
1242 3196 1351 3251 nominc
1373 3196 1529 3252 suavissime

238 3278 393 3353 complexus
416 3296 489 3338 sum.
522 3294 584 3333 mor
606 3278 693 3332 virtus
715 3277 888 3352 suavitasque
911 3278 969 3332 eius
992 3277 1094 3341 allocut,
1129 3262 1244 3335 ut⁰nou
1272 3281 1361 3335 miuus
1390 3280 1435 3335 ille
1463 3281 1528 3336 mibi

240 3380 284 3419 sua
306 3380 387 3437 qrram
411 3352 458 3421 tua
479 3361 713 3418 commendatione
735 3369 829 3435 gratus
853 3362 1040 3435 iucundaeque
1069 3365 1148 3419 leret.
1200 3365 1340 3421 Referebat
1369 3375 1459 3422 autem
1482 3366 1528 3422 ille
1543 3374 1588 3423 §.a

239 3465 422 3505 summarum
445 3448 545 3503 amoris
567 3464 632 3520 erga
656 3454 682 3502 ta
705 3446 895 3503 testificatione
917 3465 977 3503 cum
1000 3447 1065 3509 alia.
1096 3457 1151 3504 tum
1181 3449 1262 3511 illud,
1293 3450 1408 3526 principi
1430 3451 1527 3507 Carolo

240 3534 406 3609 amplissimo
428 3540 624 3607 preceptorem
647 3532 785 3588 Erasnrum
809 3542 950 3589 evocatum
973 3550 1033 3589 esse
1055 3534 1210 3591 conditione
1233 3536 1433 3592 honestissima.
1468 3555 1528 3610 quae

225 3635 302 3675 tuuc
324 3637 369 3675 res
393 3626 519 3692 quantam
542 3618 607 3673 mibi
630 3618 796 3691 voluptatem
819 3617 958 3679 attulerit,
982 3620 1106 3674 oratione
1128 3619 1198 3675 haud
1222 3619 1300 3677 lacile
1315 3639 1459 3696 assequar:
1482 3640 1528 3678 co·

238 3703 355 3777 gitebam
378 3704 449 3760 enim
472 3720 576 3759 mecum
593 3719 653 3761 non
676 3703 701 3757 id
725 3703 798 3776 quod
820 3701 918 3775 vulpprs
941 3703 998 3757 lore
1021 3703 1103 3764 solet,
1128 3722 1238 3777 magnas
1262 3713 1288 3761 tc
1312 3723 1343 3761 ex
1365 3724 1396 3762 ca
1419 3706 1528 3762 institu-

329 3886 392 3935 LII.
422 3886 531 3935 Erasmi
541 3886 610 3950 Epp.
631 3885 731 3946 (India.
743 3883 811 3933 bibl.
826 3883 948 3947 n⁰.53,5.)
966 3885 1090 3949 Append.
1102 3885 1221 3935 n⁰.cxnr.
1236 3885 1299 3935 coll.
1311 3885 1435 3963 1606.εηὶ

299 4020 311 4053 ²
334 4022 512 4071 temerarium
530 4025 554 4070 1.
635 4020 735 4071 ⁸bono
754 4018 822 4085 viro]
848 4022 908 4085 ipso
927 4019 1081 4069 Reuchlino
1104 4020 1148 4070 vel
1176 4021 1292 4085 quodam
1315 4022 1527 4072 Rcuchlinista?

232 4102 330 4172 Kapsa]
361 4107 403 4154 ita
421 4120 528 4168 omnes,
559 4105 614 4155 nisi
638 4106 708 4170 qnod
732 4098 818 4171 κοιμῶ
843 4107 872 4155 In
895 4109 925 4166 2,
953 4104 1090 4171 ncpoiup.
1107 4106 1267 4155 Miinchium
1281 4106 1394 4156 Graecas
1416 4106 1527 4158 litteras

232 4192 405 4241 nescientem
435 4190 547 4256 legitur.
595 4190 668 4252 Quid
693 4190 746 4244 lton
773 4192 811 4239 sit
838 4194 917 4256 qussi
945 4207 995 4255 per
1021 4206 1052 4240 se
1081 4191 1151 4239 satis
1181 4197 1304 4256 apertum
1334 4208 1414 4242 nemo
1447 4209 1526 4257 quem

232 4270 482 4339 scinm'explicnt.
530 4280 619 4324 utrum
646 4275 675 4323 irr
701 4268 845 4341 καμόντας
872 4293 907 4326 an
935 4277 964 4326 in
990 4276 1236 4341 Kapniomastigas
1262 4277 1430 4342 impingere,
1457 4280 1475 4327 i.
1501 4296 1525 4329 e.

232 4360 406 4425 praecipitem
428 4374 459 4408 se
482 4360 568 4421 ferre,
598 4375 633 4408 an
658 4359 837 4425 Campegium
861 4362 1001 4411 Huttenus
1024 4361 1101 4410 adire
1126 4362 1186 4411 sive
1213 4363 1328 4427 aggredi
1350 4363 1423 4413 velle
1446 4363 1524 4425 dicit,

232 4448 262 4493 nt
279 4443 387 4493 duobus
406 4444 485 4492 annis
507 4448 571 4507 post
594 4443 710 4493 eundem
735 4445 905 4496 cardinalem
924 4448 1069 4508 Erasmus,
1097 4446 1146 4495 sed
1173 4462 1222 4497 suo
1249 4464 1337 4509 more,
1367 4449 1465 4513 adiitl
1481 4449 1535 4499 Cf?

231 4529 340 4579 Erasini
357 4527 427 4593 Epp.
447 4528 535 4592 Lugd.
552 4529 615 4577 Bat.
637 4527 710 4579 troo.
730 4529 777 4579 fol.
797 4529 1032 4580 nastusraslt.
1069 4529 1148 4591 Quod
1171 4532 1290 4583 sirecte
1309 4535 1524 4596 coniectorem,

232 4612 318 4665 facile
338 4610 538 4677 explicaretur,
567 4628 620 4678 qua
643 4613 677 4663 de
703 4628 789 4663 causa
808 4615 947 4665 Hnttenus
967 4615 1113 4680 Campegii
1131 4631 1229 4665 nomen
1251 4633 1304 4667 nou
1324 4618 1449 4669 omnibus
1467 4620 1525 4669 suis

231 4697 335 4749 litteris
358 4697 530 4763 scripsisset,
559 4697 610 4747 sed
628 4697 734 4748 Graecis
757 4700 836 4763 quasi
856 4699 986 4748 celasset.
1057 4700 1225 4749 Laurentius
1244 4701 1411 4767 Campegius
1435 4704 1524 4753 Bono-

232 4783 337 4833 niensis
355 4785 419 4847 post
436 4780 540 4831 obitum
558 4782 651 4831 uxoris
674 4798 731 4834 suae
759 4799 792 4832 ex
816 4784 962 4833 academia
979 4785 1162 4845 Bononiensi,
1194 4784 1242 4834 nbi
1262 4787 1336 4850 putri
1360 4788 1388 4835 in
1413 4786 1525 4851 publica

232 4866 299 4917 iuris
310 4866 486 4932 professione
505 4872 693 4928 successerat,
714 4868 828 4917 Romam
841 4875 975 4919 evocatus
988 4885 1048 4918 mox
1062 4868 1172 4918 auditor
1184 4875 1268 4930 rotae,
1288 4875 1387 4935 postea
1400 4879 1417 4920 a
1430 4872 1524 4921 Leone

232 4966 304 5018 papa
320 4951 355 5001 X.
376 4951 432 5013 (die
451 4950 493 5001 26.
507 4952 566 5001 Iun.
582 4968 607 5002 a.
625 4951 718 5014 15η),
739 4967 800 5003 cum
824 4953 896 5019 apud
918 4953 1139 5003 Manimilianum
1163 4952 1233 5004 Cres.
1261 4955 1353 5004 nuntii
1376 4955 1524 5020 apostolici

231 5051 341 5087 munere
362 5036 525 5101 fungeretur
543 5038 657 5101 eiusque
677 5037 774 5087 favore
798 5038 945 5105 episcopus
962 5036 1116 5088 FeltrensIs
1140 5039 1233 5089 sactus
1257 5044 1343 5099 esset,
1372 5039 1524 5090 cardinalis

232 5126 340 5171 creatus
360 5124 417 5182 est,
437 5120 583 5185 presbyter
601 5122 715 5186 primum
734 5121 760 5170 S.
775 5122 886 5172 Thomas
906 5124 935 5171 in
952 5122 1085 5182 Parione,
1106 5124 1208 5187 tum,S.
1229 5124 1399 5186 Anastasia,
1423 5123 1523 5174 deinde

231 5203 255 5255 8.
273 5206 374 5256 Marisa
394 5208 471 5254 trans
490 5204 624 5266 Tiberim,
644 5211 742 5271 postca
762 5208 909 5272 episcopus
926 5206 1106 5269 suanensis,
1132 5207 1251 5257 Sabinus
1275 5213 1303 5262 et
1320 5208 1522 5270 Praenestinus,

231 5290 302 5355 apud
318 5289 475 5340 Hernicum
492 5290 568 5340 VIII.
588 5290 696 5356 Angliae
715 5306 821 5355 regem,
841 5292 869 5339 iu
889 5296 1027 5341 conventu
1044 5291 1269 5357 Norimbergensi
1289 5290 1407 5357 aliisque
1432 5294 1522 5343 eccle-

231 5375 276 5426 εἰη
294 5374 517 5428 necessitatibus
535 5376 650 5441 negotia
667 5376 799 5426 Romanae
818 5376 902 5424 curiae
927 5376 1049 5426 studiose
1076 5378 1173 5450 gessit.
1212 5381 1333 5426 mortuus
1360 5382 1403 5427 est
1429 5393 1523 5429 mense

229 5459 295 5527 Aug.
315 5476 342 5511 s.
356 5447 432 5509 1539.
469 5460 523 5511 Sed
541 5460 602 5523 brac
621 5457 729 5524 quidem
748 5476 782 5510 ne
801 5460 911 5526 longius
933 5457 1032 5531 petitu¹
1048 5461 1105 5512 sint
1126 5478 1231 5513 vereor.
1268 5475 1363 5513 verum
1387 5461 1423 5513 cf.
1438 5463 1522 5515 etism

231 5559 297 5597 num
311 5544 409 5597 L1111.
481 5543 503 5576 ¹⁰
515 5543 548 5593 In
562 5547 614 5607 flue
632 5546 693 5595 add.
711 5542 876 5595 M.n.xv11.
888 5547 914 5593 4.
