3625 7050
229 1259 235 1268 ,
250 1189 324 1262 254
355 1201 533 1256 CXII.aaar1
544 1217 635 1254 anno
646 1217 809 1255 unisonae.
829 1199 1042 1255 CXIIIsnssrn
1053 1218 1096 1254 nr.
1117 1200 1529 1254 cx1tf.mm.mnm.n.

250 1387 375 1440 vexetur.
405 1376 550 1433 verisimile
580 1385 669 1433 tamen
697 1393 752 1433 non
780 1385 823 1433 cst
851 1377 938 1449 gratis
967 1385 1020 1433 tam
1050 1377 1207 1433 immensam
1235 1376 1373 1432 missitare
1395 1376 1530 1451 pecuniam.

251 1504 562 1520 ..............
580 1462 714 1517 lluttenus
725 1461 921 1517 Phalarismum
936 1462 1019 1517 edidit
1034 1470 1130 1517 contra
1145 1462 1240 1518 (lucem
1255 1461 1530 1534 ll'irtembergensen.

251 1549 387 1620 dialogum
410 1546 657 1619 elegantissimum
693 1547 757 1601 item
779 1545 894 1602 alterum
917 1546 1056 1619 dialogum
1085 1563 1165 1619 quem
1188 1547 1296 1602 Febrim
1325 1547 1483 1619 inscripsit.
1509 1547 1529 1600 in

252 1651 305 1707 quo
328 1631 490 1688 cardinalem
513 1630 539 1686 S.
563 1629 645 1692 Sim,
675 1631 720 1703 qni
744 1630 796 1685 fuit
819 1631 852 1686 ad
874 1631 1007 1686 Caesarem
1031 1628 1151 1703 legatus,
1179 1631 1291 1705 egregie
1320 1622 1453 1703 impingit.
1494 1630 1529 1702 qui

251 1719 278 1773 iu
301 1717 469 1772 Germaniam
491 1723 601 1772 venerat
634 1713 777 1786 (sic'enim
799 1714 935 1771 lluttenus
964 1713 1083 1788 scribit),
1117 1723 1147 1771 ut
1175 1716 1317 1790 pecuniam
1345 1708 1486 1787 collip'reret
1507 1714 1543 1767 ins

251 1802 352 1857 bellum
374 1809 470 1857 contra
492 1801 607 1861 turcas.
632 1816 711 1872 quam
734 1799 918 1856 Rornanenses
942 1800 986 1855 isti
1009 1809 1204 1856 consumerent
1226 1808 1278 1856 cte.
1323 1798 1413 1854 Edidit
1441 1796 1527 1855 etalii

252 1887 373 1960 quaedam
395 1885 428 1941 ad
451 1885 566 1939 Leonem
589 1883 619 1937 ll.
644 1883 763 1939 omnium
786 1884 941 1939 mortalium
963 1884 1182 1939 nirdenttssinns.
1216 1883 1345 1939 Erasmus
1367 1881 1525 1956 paraphrasin

253 1970 362 2044 scripsit
386 1971 412 2024 iu
435 1969 501 2024 (luas
523 1969 556 2024 ad
578 1967 734 2023 Corinthios
757 1967 895 2042 epistolas.
941 1969 1052 2043 scripsit
1080 1969 1112 2023 ad
1140 1985 1183 2024 mc
1211 1967 1305 2024 literas
1335 1985 1397 2041 quae
1424 1965 1524 2021 bbellnn

253 2072 360 2129 aequare
384 2060 511 2128 possent,
534 2053 567 2108 de
590 2052 720 2107 Lutberio
742 2061 770 2108 et
794 2052 853 2108 aliis
876 2052 966 2107 robus.
1017 2051 1165 2126 Epistolam
1187 2053 1296 2108 llartini
1319 2051 1440 2106 bntberii
1463 2067 1522 2123 man

253 2139 419 2194 bilclmanno
441 2137 516 2193 misit
538 2138 712 2210 Augustauo,
735 2144 766 2191 ut
788 2136 837 2192 tibi
857 2134 1042 2209 gratificarer,
1065 2137 1212 2210 descripsi:
1242 2135 1389 2193 delectabit
1412 2142 1437 2191 te
1457 2133 1543 2188 ririlisu

253 2232 281 2279 et
304 2229 432 2279 constans
455 2222 572 2278 bominis
595 2221 708 2276 animus.
742 2222 814 2277 Bene
836 2221 903 2276 vale.
936 2222 995 2279 llas.
1012 2229 1053 2282 19.
1069 2222 1145 2277 llart.
1165 2228 1239 2282 1519.

270 2505 396 2542 sovisn.
825 2467 966 2543 CXIII.
1342 2491 1507 2536 mursano.

253 2558 420 2570 .-—-—

256 2643 333 2693 DES.
354 2639 500 2692 ERASMI
516 2637 593 2688 ROT.
616 2637 803 2689 APOLOGIA
827 2638 1024 2689 REIICIENS
1046 2637 1283 2698 QVORVNDAM
1303 2634 1516 2689 susmelotttt

254 2729 304 2777 Ae
325 2724 501 2776 RVMOBES
523 2722 645 2773 NATOS
666 2722 720 2772 EX
740 2723 903 2774 DIALOGO
925 2722 1115 2792 murmuro
1144 2723 1212 2782 QVI
1238 2714 1375 2772 lucullo
1396 2715 1514 2773 Laruae

617 2807 646 2857 S.
669 2806 798 2857 THEOL.
818 2808 890 2857 LIG.
910 2803 1182 2885 luseululwnJ
1519 2818 1537 2856 tt

256 2974 503 2990 ...........
535 2930 619 2987 Vides
640 2932 742 3002 ipitun
765 2931 970 2987 humanissime
992 2931 1096 2997 lector,
1120 2931 1234 2985 tametsi
1254 2932 1385 3011 qpoedom
1404 2925 1513 2984 insumis

254 3020 308 3075 boc
330 3019 456 3089 malope,
489 3033 553 3087 qaue
571 3016 748 3086 probabilem
776 3016 902 3071 babeant
929 3016 1135 3086 suspicionem,
1165 3016 1250 3086 quusi
1271 3033 1329 3071 non
1353 3015 1421 3070 nuit
1439 3013 1469 3068 ni
1483 3021 1513 3063 ru

249 3103 434 3174 pertineant,
458 3107 552 3155 tomen
575 3102 662 3155 marito
684 3101 841 3155 monimum
863 3107 977 3171 purtem
999 3101 1028 3154 iu
1051 3114 1095 3153 me
1117 3117 1175 3156 non
1197 3099 1319 3155 herere.
1358 3115 1448 3156 verum
1464 3109 1512 3167 pte

255 3189 331 3243 nium
354 3187 480 3242 videbam
498 3186 677 3256 perieulum,
700 3201 736 3239 ne
758 3202 845 3256 quum
867 3187 957 3241 lector
979 3184 1229 3240 animadvertisset
1250 3199 1339 3240 umrm
1360 3192 1409 3239 eut
1422 3183 1512 3238 uitem

254 3275 346 3328 locum
368 3272 397 3325 in
420 3285 463 3324 me
486 3276 605 3337 turtum,
626 3275 746 3340 putaret
767 3277 873 3325 caetera
897 3270 992 3324 omnia
1014 3271 1044 3323 in
1067 3284 1110 3324 me
1132 3275 1209 3325 torta
1231 3284 1308 3337 esse,
1332 3286 1395 3341 quie
1406 3261 1536 3339 fortuma

254 3359 284 3412 in
306 3356 479 3422 Lutderum,
503 3361 553 3409 out
574 3355 693 3409 Petrum
715 3353 918 3421 Mosellanum,
943 3361 994 3410 aut
1009 3343 1257 3421 Huttenum'uut
1279 3356 1366 3409 alitem
1386 3350 1513 3425 quempitttt

255 3441 423 3506 destrinxit,
447 3439 658 3495 nectem-endum
678 3441 787 3510 putari.
826 3440 951 3510 proinde
974 3440 1008 3494 de
1031 3445 1153 3510 utroque
1175 3443 1305 3493 nostrum
1328 3440 1400 3494 male
1420 3437 1514 3491 meretur

256 3529 378 3598 quinos
399 3525 455 3580 bne
482 3530 605 3581 onerant
631 3526 794 3596 suspicione
817 3524 951 3581 Iacobum
975 3526 1137 3592 Latonium,
1168 3526 1253 3595 quasi
1278 3540 1322 3580 me
1350 3524 1457 3581 abluerit
1476 3516 1514 3572 tu

215 3665 226 3686 ,
256 3613 367 3683 diulopo
388 3612 544 3681 confipere,
570 3616 597 3665 et
619 3625 677 3678 me,
700 3611 785 3682 quusi
805 3611 856 3664 sim
880 3612 904 3665 is
926 3612 955 3664 in
977 3625 1060 3681 quem
1083 3609 1145 3664 brec
1167 3610 1262 3664 omnia
1277 3614 1441 3681 competunt.
1465 3599 1513 3675 quin

256 3698 291 3751 de
313 3703 372 3751 tutu
395 3695 450 3750 bac
472 3694 570 3748 seboin
591 3696 713 3765 pessime
736 3701 883 3749 merentur
906 3696 957 3765 qui
976 3701 1120 3767 sparpunt
1141 3710 1301 3762 rumorem,
1328 3696 1403 3750 bunc
1423 3688 1535 3748 liuttere

256 3798 312 3835 non
340 3780 427 3834 unius
454 3793 515 3834 esse
542 3780 667 3845 Latum,
701 3781 753 3834 sed
779 3782 923 3833 communi
950 3794 1040 3849 opera
1068 3779 1262 3850 tdeoloporum
1290 3794 1353 3834 esse
1384 3776 1512 3848 confletur·

256 3866 392 3920 Poteram
416 3865 455 3918 nd
476 3865 607 3933 precedam
635 3864 827 3933 copiosissime
855 3865 1046 3934 respondere,
1081 3847 1179 3920 reruni
1211 3880 1265 3920 nee
1294 3865 1365 3919 mibi
1389 3866 1464 3920 unum
1485 3855 1514 3907 nt

257 3951 286 4004 in
308 3950 354 4004 bis
375 3951 494 4003 nautium
518 3964 615 4019 operte
633 3963 758 4018 ponere,
783 3964 875 4020 neqate
896 3951 1071 4003 committere
1093 3950 1183 4016 nolui,
1213 3951 1319 4016 lector,
1351 3955 1380 4003 ut
1406 3962 1458 4004 eun
1474 3950 1512 3993 ut·

257 4035 359 4089 liorrtm
382 4037 496 4089 iactura
519 4035 626 4089 diutius
647 4033 677 4087 in
700 4033 778 4087 bisce
799 4032 915 4104 friuolis
937 4035 1008 4088 meis
1029 4036 1209 4090 detinereris.
1233 4034 1315 4089 Bene
1331 4036 1399 4090 vole.
1420 4020 1512 4088 muri,

257 4121 355 4190 quintu
378 4118 493 4174 Caleud.
516 4119 609 4189 April.
633 4118 715 4172 Anno
738 4117 777 4171 M.
786 4118 821 4172 Ι).
831 4118 915 4175 XIX.
1516 4113 1534 4155 Ἀ

258 4299 357 4351 CXIII.
405 4296 461 4364 [Cf.
488 4300 560 4362 infra
578 4300 688 4348 liuttent
708 4314 749 4363 ep.
773 4301 808 4349 ud
826 4300 959 4350 Erasmum
980 4302 1006 4350 d.
1026 4304 1050 4350 5.
1071 4300 1141 4349 Iunii
1161 4318 1185 4350 u.
1206 4303 1285 4350 1519.
1310 4304 1379 4351 datu·
1399 4290 1460 4362 §id
1484 4286 1511 4337 ΕΙ

544 4384 653 4433 Erasini
671 4382 741 4449 Opp.
761 4384 847 4434 Busil.
869 4384 942 4435 1540.
964 4385 1012 4435 sol.
1031 4390 1095 4435 tom.
1115 4386 1162 4435 tx.
1183 4386 1265 4452 pilo.

705 4518 1108 4536 ψ

382 4600 503 4671 [Angstii
522 4605 661 4671 epitogum
681 4606 716 4657 ad
734 4606 834 4657 librum
852 4607 886 4658 do
906 4606 1033 4658 Guaiaco
1052 4608 1116 4659 vido
1134 4623 1208 4659 num.
1224 4570 1300 4660 xcvi.
1315 4624 1341 4673 p.
1354 4601 1419 4671 2⁴23]

275 4857 408 4895 evorsum
421 4859 644 4895 rrunnnrcouvu.
823 4827 984 4904 CXIIII,
1224 4847 1226 4851 “
1295 4836 1511 4926 Q

434 5001 626 5059 nouuauuvs
649 5002 867 5060 tumtumws
888 5005 1058 5061 ntttoamtu
1079 4996 1326 5064 Pluotttttttltuu
1346 5003 1373 5059 S.
1517 4988 1534 5028 ³

343 5119 395 5176 lam
420 5121 490 5177 intra
512 5139 631 5177 inermem
656 5129 746 5178 ternas
769 5123 800 5178 ad
825 5131 852 5179 te
874 5141 936 5179 cum
958 5121 1097 5180 nonnullis
1120 5122 1202 5179 rebus
1224 5123 1285 5179 dedi
1315 5122 1419 5183 literas,
1441 5107 1512 5190 qtlffl

258 5212 358 5279 praeter
381 5214 455 5262 tuum
479 5224 581 5263 urorum
611 5224 672 5263 cum
701 5225 755 5263 nun
785 5210 976 5281 responderis,
1011 5226 1066 5265 non
1096 5208 1147 5263 alia
1175 5226 1256 5264 causa
1287 5208 1352 5264 mibi
1379 5208 1404 5263 in
1428 5201 1513 5259 mttlffi

824 5340 987 5351 ——--.

413 5424 416 5430 ,
506 5388 619 5440 CXIIII.
658 5390 699 5439 Ex
717 5389 875 5440 Henmnnui
893 5393 1008 5442 Dorum.
1028 5390 1134 5441 literar.
1153 5407 1180 5457 p.
1197 5390 1253 5441 174.
1264 5406 1305 5457 sq.

937 5461 1345 5472 ..—-———-—-—-.-.

325 5519 335 5553 ⁴
355 5520 471 5590 cardiu]
490 5523 664 5576 Caletanum.
