3625 7050
461 1218 558 1270 CCIII.
579 1234 702 1271 nrrruur
714 1236 751 1271 so
764 1234 911 1273 ιιιιιτιιιιιι
925 1235 1054 1272 accensa
1067 1238 1109 1273 rr.
1124 1238 1150 1273 o.
1165 1232 1198 1274 as.
1214 1238 1290 1273 serr.
1306 1232 1366 1273 152⁰·
1488 1208 1562 1280 429

270 1388 324 1450 cile
353 1398 437 1467 potes
465 1399 587 1468 propter
616 1392 694 1466 regis
722 1397 917 1452 commeatum
946 1391 1083 1452 euntibus
1117 1392 1195 1453 ultro
1228 1396 1361 1474 citroque
1388 1394 1563 1471 rectoribus)

270 1486 357 1550 cures
379 1490 471 1549 libros
499 1493 548 1570 qui
578 1493 722 1569 eornpacti
743 1499 825 1560 suut,
857 1485 990 1552 ocissime
1013 1493 1206 1562 Vormatiaru,
1236 1513 1310 1573 quos
1338 1503 1490 1555 revertens
1518 1495 1565 1555 illc

270 1593 355 1671 Spira
378 1595 486 1670 possit,
514 1612 580 1652 cum
603 1595 656 1652 ista
680 1595 775 1654 ourrria
799 1595 940 1662 iru'euiat,
971 1613 1076 1655 curare
1098 1595 1157 1655 huc
1178 1596 1264 1665 urilri,
1294 1615 1390 1676 neque
1412 1598 1448 1657 sit
1470 1615 1562 1657 mora.

271 1693 407 1754 Habebas
435 1695 534 1754 nescio
563 1701 634 1770 quot
656 1693 906 1773 Conquestiouum
934 1696 1102 1757 Latinarum
1133 1696 1325 1776 exemplaria,
1355 1716 1420 1776 quae
1448 1697 1619 1758 dicebasis.

251 1795 353 1855 suolle
376 1795 413 1856 ad
435 1814 467 1855 sc
489 1798 623 1874 accipere
646 1795 820 1875 bibliopolas
842 1803 969 1866 restros;
1004 1804 1033 1857 at
1057 1815 1136 1857 uuuc
1158 1805 1280 1877 propter
1302 1805 1388 1858 tantae
1403 1802 1565 1879 peregrini·

271 1899 338 1956 tatis
360 1897 517 1956 adventum
541 1898 630 1958 credo
652 1897 807 1974 diligenter
835 1898 994 1959 adcurautc
1024 1906 1051 1959 tc
1079 1917 1185 1976 magua
1213 1917 1283 1978 pars
1311 1899 1426 1960 dicendi
1448 1903 1564 1979 poterit.

271 1997 417 2077 reliquum
447 1998 524 2076 quod
553 2017 639 2077 posse
662 1998 783 2059 distrahi
806 2000 961 2077 desperas,
986 2019 1053 2060 cum
1075 1999 1157 2060 libris
1179 2000 1355 2060 l'ormatiaru
1378 2004 1469 2062 mitte.
1512 2020 1566 2080 age

272 2106 384 2166 autem,
415 2100 438 2157 si
469 2118 529 2158 riou
556 2098 679 2159 habebis
701 2109 849 2160 rectorem
877 2102 974 2160 statim
996 2099 1173 2161 Vormatiaru
1197 2109 1329 2169 euntem.
1359 2104 1474 2180 Spiraru
1497 2123 1567 2164 rero

272 2200 411 2269 habebis,
441 2202 538 2259 urittas
567 2201 682 2279 Spiraur
710 2201 802 2261 libros
830 2203 867 2262 ad
896 2202 1075 2267 Maternum.
1106 2205 1156 2282 qni
1178 2204 1214 2262 dc
1236 2222 1329 2283 puero
1352 2223 1419 2264 uico
1441 2207 1494 2264 scit
1516 2205 1568 2266 ubi

238 2303 320 2360 rosit.
359 2302 416 2361 Sed
441 2302 464 2360 is
488 2300 562 2361 ultra
586 2320 677 2362 orrum
700 2303 779 2363 dioru
801 2303 894 2383 Spirae
917 2322 976 2363 uou
998 2303 1175 2364 morabitur:
1206 2306 1261 2366 uisi
1284 2307 1371 2381 igitur
1394 2325 1460 2366 mox
1483 2314 1568 2386 potes

273 2405 403 2467 mittero.
428 2405 524 2480 potIns
546 2404 610 2463 ride
633 2411 664 2463 ut
686 2404 864 2465 Vormatiam
885 2410 1138 2484 transportentur,
1168 2407 1246 2485 quod
1270 2407 1452 2466 commodius
1474 2408 1565 2467 deret.

274 2505 510 2581 Oportunitatern
532 2513 631 2581 specta
655 2506 683 2563 iu
707 2505 751 2565 bis
766 2505 913 2566 omuibus.
957 2507 1036 2567 Mitte
1052 2507 1137 2568 simul
1153 2507 1299 2567 iuclusum
1314 2509 1371 2567 tuis
1386 2506 1478 2567 literis
1492 2509 1565 2568 iudi·
1577 2521 1596 2571 t.
1603 2526 1623 2568 ι.

274 2623 338 2664 cem
361 2625 461 2666 rerum
485 2614 669 2674 nostrarum,
693 2607 721 2666 id
737 2615 781 2667 cst
795 2626 861 2686 quae
877 2616 907 2668 et
920 2616 991 2688 quot
1006 2607 1182 2686 exemplaria
1198 2610 1360 2688 acceperis,
1385 2616 1417 2667 ut
1438 2608 1568 2670 divendi·

274 2708 362 2775 deris,
379 2726 467 2786 quarn
483 2709 741 2769 commutationem
757 2709 879 2779 leceris,
896 2712 997 2788 quami
1012 2728 1159 2788 quemque
1174 2709 1282 2770 librum
1298 2712 1414 2778 emeris,
1431 2718 1464 2769 ut
1478 2712 1568 2771 sciam

242 2810 344 2887 mquid
367 2810 419 2868 tibi
442 2809 592 2869 ‹lebeatur
639 2810 669 2870 Si
691 2810 900 2872 direudidisses
922 2813 1038 2872 iuterim
1061 2810 1168 2889 aliquid
1191 2811 1349 2880 librorum,
1378 2819 1411 2872 ut
1432 2830 1568 2891 superes·

274 2918 319 2971 set
340 2913 480 2988 pecunia,
504 2912 532 2971 id
548 2911 703 2980 retinebis,
727 2913 805 2992 quod
828 2914 894 2972 usui
916 2915 952 2972 sit
968 2910 1139 2989 rotilgandis
1153 2912 1273 2992 reliquis
1288 2911 1370 2973 libris
1386 2915 1435 2992 qui
1451 2934 1467 2974 e
1483 2914 1567 2992 Spira

276 3015 435 3072 mittentur.
474 3012 544 3073 Vale
566 3022 594 3073 ct
616 3015 764 3091 negotium
788 3021 923 3074 nostrum
945 3014 1100 3091 diligenter
1122 3033 1202 3075 cura.
1248 3034 1283 3074 cx
1306 3013 1512 3093 Eberuburgc.

479 3117 656 3192 Inscriptio:
688 3115 812 3176 Martius
833 3115 951 3176 Bucero
973 3116 1064 3176 literis
1087 3116 1273 3175 instructissi-

691 3236 739 3277 mo
761 3219 856 3277 amico
878 3218 1027 3278 iuuoccuti
1049 3236 1084 3277 ac
1107 3217 1194 3277 bono,
1273 3302 1275 3307 Ι

241 3333 268 3372 ro
392 3359 398 3367 .
691 3315 975 3398 28.N0v.1520.,

279 3438 479 3447 -.-—-—-—-—

344 3539 355 3572 ⁴
373 3537 616 3607 Conquestionum]
637 3541 673 3588 ei.
688 3554 771 3604 supro
788 3555 815 3589 n.
830 3540 1031 3590 CLXXXVIII.
1046 3556 1106 3604 sqq.
1169 3538 1192 3572 ²⁰
1208 3540 1250 3589 2“8.
1264 3541 1332 3590 Nor.
1349 3540 1421 3590 1520.
1436 3541 1516 3605 quasi
1530 3543 1570 3591 in·

277 3627 438 3691 scriptionis
457 3629 563 3692 partem
583 3624 687 3673 adiecit
701 3628 725 3673 1.

346 3711 512 3761 Riibriehiua
530 3710 616 3759 refert
633 3710 752 3758 lectores
770 3709 805 3758 ad
823 3708 968 3773 epistolam
986 3709 1070 3758 Beati
1086 3709 1213 3758 Rhennni
1232 3710 1267 3758 ad
1284 3710 1459 3760 Boniiacium
1478 3712 1571 3760 Amer-

278 3795 408 3845 bncbinm
427 3796 567 3845 Avenioue
587 3800 652 3843 tuuc
671 3795 836 3859 degentem,
855 3792 977 3842 Basileae
996 3793 1128 3856 postridie
1141 3793 1234 3842 Trium
1253 3808 1347 3856 regum
1367 3791 1401 3858 [7.
1415 3795 1474 3842 lau.
1495 3791 1569 3858 1521]

278 3882 425 3945 scriptam,
445 3881 473 3928 in
487 3878 660 3928 bibliotheca
679 3877 810 3926 antistitii
823 3877 989 3926 Basilicnsis
1008 3883 1161 3937 servatam,
1181 3877 1266 3926 bane:

348 3962 507 4025 „Aleauder
526 3963 676 4025 biogrrntioe
694 3961 809 4010 Lutlreri
832 3959 942 4010 libellos
967 3962 1080 4009 exrrssit.
1117 3962 1206 4009 Priori
1229 3962 1274 4010 die
1299 3961 1369 4011 nihil
1392 3962 1446 4010 fuit
1465 3967 1570 4009 actum:

279 4064 343 4097 narn
363 4064 423 4097 cum
443 4048 568 4097 contifex
587 4048 614 4096 iu
633 4053 766 4111 srrggestu
784 4052 861 4095 stans
880 4047 1051 4108 quaesiisset,
1071 4060 1134 4093 num
1153 4045 1277 4110 legitime
1295 4046 1441 4094 damnatus
1454 4050 1529 4094 esset
1547 4047 1571 4094 is

280 4134 359 4182 cuins
383 4134 431 4182 Isti
454 4133 518 4181 libri
543 4132 634 4180 forent
658 4131 803 4192 exurendi,
831 4129 973 4195 respondit
996 4132 1129 4178 universa
1152 4129 1244 4195 pepuli
1269 4129 1428 4190 multitudo,
1453 4130 1570 4179 nondum

280 4218 439 4266 daumatnm
460 4233 530 4265 esse.
568 4215 607 4265 ud
621 4216 693 4264 bane
706 4231 802 4264 vocem
822 4215 948 4263 carnifex
967 4214 1089 4275 desiliIt,
1109 4215 1243 4279 praefatus
1256 4231 1285 4262 se
1299 4215 1368 4263 nihil
1382 4231 1399 4263 a
1413 4212 1466 4279 [lc]
1481 4213 1571 4263 medio

279 4302 379 4351 tollere
397 4302 449 4350 nisi
469 4301 616 4351 secundum
635 4299 712 4365 leges
730 4301 837 4364 riteque
857 4299 1025 4348 damnatum.
1062 4299 1117 4347 Res
1135 4304 1195 4348 tota
1217 4315 1299 4348 versa
1322 4300 1376 4347 fuit
1394 4299 1423 4347 iu
1441 4298 1524 4346 risum
1543 4305 1572 4346 et

280 4386 424 4448 convicia,
445 4386 542 4450 quibus
555 4386 595 4434 sic
609 4385 761 4449 proscissus
775 4387 817 4432 est
829 4382 981 4444 Alenuder,
1001 4388 1032 4432 ut
1044 4384 1149 4448 optarit
1167 4386 1249 4433 istam
1266 4400 1296 4432 se
1315 4384 1486 4448 provinciam
1505 4398 1571 4432 uun·

281 4486 363 4535 qrram
376 4472 546 4535 suscepiss03
566 4484 661 4534 parum
675 4468 767 4517 abfuit
779 4469 843 4533 quin
857 4466 996 4532 lapidibus
1009 4468 1183 4530 obrueretur;
1202 4469 1343 4519 vocabant
1361 4483 1423 4518 eum
1441 4468 1571 4529 Iudaeum,

280 4556 464 4620 proditorem,
490 4554 654 4603 nebulonem
674 4559 701 4603 et
720 4552 784 4617 quid
802 4555 874 4602 non?
898 4553 1014 4602 Postero
1038 4552 1083 4601 die
1108 4568 1168 4602 cum
1192 4554 1284 4603 omnia
1307 4552 1427 4617 querelis
1445 4551 1573 4617 Impleret

281 4640 592 4703 iniurinmque,diceret
610 4640 732 4689 Romano
751 4637 876 4704 pontIfici
896 4637 1014 4697 iactam,
1035 4638 1114 4687 cuius
1127 4638 1220 4686 edicta
1234 4642 1486 4700 contemnerentur,
1507 4637 1573 4686 effe·

282 4727 323 4774 eit
341 4726 398 4774 stris
417 4725 499 4773 ruinis
522 4723 594 4789 opud
619 4722 789 4772 cardinalem
807 4722 998 4787 Mogontinum
1018 4726 1046 4770 et
1064 4722 1228 4784 canonicos,
1252 4703 1286 4770 ut·
1307 4721 1414 4785 aliquot
1437 4719 1526 4770 libelli
1545 4722 1574 4769 iu

281 4810 341 4859 foro
361 4826 409 4874 per
421 4807 601 4873 vespillouem
614 4824 664 4857 sen
677 4808 886 4857 cadavernrirrnr
906 4798 981 4862 (nam
1000 4805 1125 4855 carnifex
1142 4805 1194 4855 lroe
1213 4806 1308 4855 iacere
1327 4805 1513 4867 detrectabat)
1533 4805 1574 4854 iu·

281 4894 474 4945 conderentur.
510 4894 621 4943 Editum
640 4894 729 4943 estin
748 4891 824 4941 illurn
844 4906 956 4940 corrnen
975 4888 1190 4952 amarulentum,
1215 4890 1285 4953 quod
1304 4891 1410 4940 nedibus
1428 4890 1456 4939 in
1475 4888 1574 4953 quibus

280 4980 411 5041 divertit,
431 4978 578 5043 multisque
597 4977 667 5028 loeis
685 4978 798 5027 affixum
815 4981 899 5025 noctu
919 4976 1038 5025 ierunt''.
