3625 7050
588 2495 837 2572 EDITORIS
867 2492 1160 2570 PRAEFATIO.

310 2903 465 2963 Germanis
487 2903 563 2961 inter
585 2902 639 2962 alia
663 2902 804 2963 libertatis
826 2903 1015 2980 veritatisque
1039 2910 1066 2961 ot
1090 2907 1262 2961 ornamenta
1287 2907 1315 2958 et
1337 2905 1522 2975 incitamenta

222 3031 252 3088 in
282 3029 384 3106 prioris
407 3029 525 3088 ttuuem
553 3030 662 3106 scripta
691 3029 854 3109 prestanda
885 3047 953 3089 esse
983 3026 1145 3088 multorum
1174 3035 1241 3087 ante
1263 3044 1312 3087 me
1335 3030 1523 3108 prudentium

1365 3113 1376 3137 0

224 3154 431 3232 horroremque
460 3154 589 3214 virorum
617 3157 760 3216 sententia
791 3156 852 3217 init
899 3156 978 3234 qaieid
1008 3155 1139 3215 debitum
1171 3155 1267 3215 adhuc
1301 3156 1430 3216 solutum
1464 3174 1523 3216 non

224 3299 289 3340 esse
318 3287 386 3340 ante
415 3280 469 3339 hos
498 3280 561 3340 tere
587 3299 692 3342 uorem
721 3299 830 3351 annos,
861 3301 928 3342 cum
957 3282 1074 3342 diorum
1105 3289 1250 3360 quotquot
1278 3285 1360 3359 potui
1390 3281 1523 3361 exempla

224 3405 382 3483 contegere
405 3408 573 3484 coepissem,
602 3426 639 3468 ue
661 3408 795 3468 deforme
823 3416 1011 3468 venustorum
1041 3407 1109 3468 utun
1140 3408 1342 3469 membrorum
1373 3409 1524 3469 dtienchia-
1606 3408 1611 3423 '

219 3552 295 3593 uum
320 3550 428 3610 corpus
450 3533 573 3612 legentis
594 3537 655 3596 sire
670 3538 888 3596 miserationem
903 3537 963 3595 siue
979 3536 1208 3609 indignationem
1226 3538 1432 3597 inrisionemve
1447 3521 1535 3597 sem-³

226 3679 279 3737 per
304 3666 452 3729 reluceret,
481 3679 540 3721 riou
568 3663 630 3722 siue
659 3662 786 3742 quodam
816 3663 930 3740 putum
959 3662 1158 3723 animadverti.
1203 3662 1356 3739 indiguum
1380 3670 1424 3722 est
1447 3664 1524 3722 euim

226 3794 326 3847 nosue
355 3795 443 3863 gerite
471 3787 553 3864 quod
580 3806 616 3848 ue
644 3789 768 3851 heroum
799 3789 918 3867 culidem
942 3806 1064 3848 stunnm
1088 3796 1296 3858 monumenta.
1326 3790 1375 3865 qui
1398 3789 1526 3865 egregiis

228 3912 408 3973 facinoribus
429 3914 542 3973 animos
565 3932 683 3992 quoqne
706 3917 940 3982 Germanorum,
973 3933 1010 3973 ne
1039 3915 1183 3975 servirent
1211 3915 1300 3991 inque
1328 3912 1420 3973 aliena
1442 3919 1525 3989 pote·

227 4048 302 4100 state
323 4042 430 4100 misere
453 4048 713 4114 connumerentur,
746 4048 866 4101 strenue
895 4040 1069 4119 fortiterque.
1091 4039 1128 4100 ab
1151 4040 1290 4139 extremis
1313 4037 1450 4117 periculis
1472 4038 1524 4099 de·

228 4167 400 4239 funderunt,
429 4173 570 4246 (mantum
599 4186 653 4246 per
675 4167 817 4246 temporis
840 4167 920 4229 haud
943 4167 1194 4228 averruncandae}
1223 4168 1295 4227 iram
1326 4185 1360 4227 ae
1382 4168 1523 4227 voracita-

227 4303 287 4353 tem
315 4296 504 4372 omniumque
532 4294 728 4360 humanorum
760 4313 884 4373 operum
913 4294 1159 4355 destruendorum
1190 4296 1245 4355 rim
1275 4302 1304 4354 et
1337 4293 1525 4374 cupiditatem

230 4422 294 4480 tieri
317 4427 427 4497 potest,
459 4422 573 4497 integra
597 4428 766 4482 conservata
788 4422 824 4482 ad
848 4423 912 4499 pios
941 4438 1011 4498 erga
1033 4424 1156 4499 patriam
1179 4441 1287 4483 sensus
1309 4422 1339 4482 in
1351 4423 1528 4483 nostratium

229 4547 332 4606 anienis
361 4547 532 4608 excitandos
560 4548 837 4626 confirmandosque
867 4547 984 4625 pontice
1012 4557 1230 4626 proponuntur.
1278 4550 1453 4610 Exterorum
1476 4568 1528 4627 ue-

230 4673 367 4751 pulurum
383 4671 577 4751 sicui‘paullo
600 4672 717 4734 cultiori
734 4674 894 4735 iluttenum
910 4676 986 4736 inter
1008 4693 1078 4736 suos
1101 4693 1261 4735 numerare
1282 4674 1398 4744 liceret,
1422 4677 1468 4736 rix
1484 4674 1528 4735 ul·

231 4799 291 4860 tum
314 4808 374 4860 tam
398 4800 601 4879 neglegentem
618 4819 682 4861 esse
701 4800 876 4862 crediderim
893 4802 962 4880 quin
979 4802 1088 4880 scripta
1104 4802 1174 4861 tanti
1189 4800 1243 4860 riri
1259 4817 1315 4876 pro
1332 4808 1418 4878 captu
1434 4801 1529 4860 diver·

230 4945 331 4987 sorum
354 4926 492 4988 ordinum
514 4926 585 4987 alias
607 4926 690 4987 aliter
714 4927 789 4987 edita
811 4929 888 4987 inter
913 4929 1081 4989 eruditioris
1103 4929 1166 4987 ritae
1182 4926 1372 4987 necessitates
1388 4925 1527 4986 traheret:

231 5071 285 5113 nos
300 5054 421 5147 iluttcni
444 5061 473 5114 et
495 5054 617 5114 Lntheri
640 5056 726 5114 etiam
748 5055 872 5134 scripta,
897 5056 947 5133 (gui
970 5056 1024 5113 nisi
1047 5073 1102 5131 prat
1125 5054 1209 5114 notus
1231 5054 1339 5129 ingenii
1362 5053 1451 5112 armis
1474 5070 1529 5129 pn·

231 5187 383 5256 guassent,
407 5181 547 5241 Gemtani
568 5199 628 5241 nou
652 5200 797 5249 essemus,
828 5181 857 5240 in
881 5180 1018 5241 sordibus
1041 5180 1159 5242 disiecta
1183 5186 1408 5257 couternptaque
1431 5179 1527 5239 iacere

234 5308 318 5384 proni
352 5307 383 5367 in
418 5314 561 5385 quaestum
596 5327 631 5368 ac
665 5310 796 5385 corrupti
828 5307 1020 5385 licentiarum
1049 5307 1304 5366 conradetutarmn
1333 5308 1433 5364 insana
1456 5323 1527 5382 qua·

231 5433 297 5496 dam
314 5435 490 5513 eupiditate,
514 5453 570 5513 (gua
587 5435 650 5495 haec
666 5443 735 5497 aetas
750 5435 843 5497 indies
857 5435 975 5513 gravius
990 5432 1119 5504 laborat,
1143 5449 1202 5492 riou
1224 5433 1286 5491 sine
1302 5432 1411 5493 acerno
1427 5438 1529 5491 uestro
