3625 7050
262 1192 334 1264 144
369 1207 456 1258 ΙΝΙΙ.
470 1220 616 1259 nvrrruvs
627 1222 857 1260 navarreorum
867 1224 1030 1262 nncoaarvs
1040 1186 1437 1264 avo.v1rn.n.12.1n2i.1srr.

258 1398 349 1456 super
362 1380 494 1439 omnibus
510 1381 694 1454 privitepiis‚
713 1380 965 1462 Immunitatibus,
986 1383 1133 1457 Induitis,
1160 1384 1336 1457 honoribus,
1360 1385 1557 1473 preeminen-

258 1485 322 1554 tiis,
347 1484 472 1556 pretiis,
499 1490 527 1540 et
553 1481 734 1541 libertatibus
754 1484 847 1543 iibere
870 1487 927 1556 uti,
951 1484 1033 1558 frui,
1061 1493 1091 1545 et
1113 1487 1250 1561 pardem
1276 1486 1384 1547 debeas
1405 1493 1436 1546 et
1453 1488 1558 1561 possis,

181 1648 185 1657 ,
259 1584 364 1659 quibus
390 1585 484 1670 ceteri
509 1583 636 1673 Poeteo
662 1585 744 1643 nobis
763 1585 910 1645 Laurenti
929 1603 967 1646 aa
991 1587 1130 1647 Oratores
1148 1587 1248 1660 fracti
1265 1596 1334 1646 sunt
1353 1597 1382 1649 et
1401 1590 1450 1646 asi
1467 1585 1558 1659 suere

203 1703 310 1757 §.pseu
329 1684 547 1759 ’quomodolibet
568 1685 704 1757 pandent
727 1688 938 1747 conantudine
965 1692 1011 1748 oei
1032 1689 1071 1748 de
1095 1691 1170 1748 iure.
1211 1689 1251 1747 Et
1276 1692 1406 1765 amplias
1428 1696 1462 1747 at
1483 1689 1558 1747 ube-

257 1790 334 1848 riori
348 1788 452 1861 pratia
467 1793 568 1844 nostra
583 1795 610 1844 te
628 1795 815 1861 prosecutum
829 1792 953 1861 sentias,
981 1788 1019 1849 Te
1035 1791 1161 1849 eundem
1183 1790 1357 1850 Vdairicnm
1375 1807 1444 1851 cam
1459 1792 1578 1850 omnis

259 1891 312 1948 bas
334 1889 430 1961 bonis,
457 1888 559 1959 rebus,
583 1890 757 1957 actionibus,
781 1897 810 1948 et
830 1891 944 1949 iuribus
965 1892 1022 1949 tuis
1044 1899 1104 1950 tam
1121 1892 1311 1982 presentibus
1333 1907 1424 1966 quam
1441 1890 1558 1963 saturis

258 1995 289 2052 in
308 1999 440 2050 nostram
461 2000 489 2049 et
512 1993 595 2050 sacri
616 1992 735 2066 imperii
750 1994 979 2066 protectionem,
1006 1994 1155 2053 tuitionem
1181 2001 1210 2052 et
1229 1993 1481 2068 sataapuardiam
1502 2009 1557 2052 as-

257 2095 448 2168 sumpsimus,
474 2099 503 2151 et
523 2094 705 2166 accepimus,
731 2100 824 2167 prout
844 2099 945 2152 tenore
963 2098 1147 2183 presentium
1168 2111 1311 2169 expresse
1327 2097 1508 2155 assumimus
1529 2100 1558 2154 et

259 2198 438 2270 accipimus,
467 2195 659 2254 concedentes
683 2194 736 2252 tibi
754 2202 783 2253 et
807 2197 986 2268 elarpieates
1015 2203 1047 2254 ut
1072 2196 1158 2272 apud
1176 2199 1289 2255 auitam
1312 2199 1405 2256 alium
1428 2197 1556 2257 iudicem

258 2314 348 2372 quum
369 2296 454 2372 apua
473 2311 538 2368 aas,
565 2305 593 2354 et
614 2294 802 2355 Seeceessores
829 2302 943 2354 nostros
965 2295 1167 2356 Romanorum
1190 2297 1286 2372 Repes
1306 2306 1336 2357 et
1357 2298 1501 2390 Cfsares,
1530 2305 1603 2358 eiu:

257 2390 410 2460 consitium
432 2403 614 2457 nostramet
638 2399 790 2457 emumin
815 2399 861 2456 ius
888 2401 992 2457 uocari
1016 2407 1046 2458 et
1073 2401 1135 2457 iuri
1155 2406 1236 2457 stare
1257 2402 1356 2474 possis
1382 2410 1410 2459 et
1439 2400 1556 2459 debeas.

201 2502 442 2564 §.obbianaaates
462 2501 570 2558 iccirco
592 2500 737 2557 uniuersis
757 2507 785 2557 et
810 2501 936 2573 sinpuiis
963 2503 1047 2559 sacri
1067 2500 1123 2560 ao.
1139 2500 1266 2575 Imperii
1284 2501 1477 2576 Principibus
1497 2509 1556 2565 tam

258 2604 473 2664 Ecclesiasticis
494 2616 583 2675 quam
602 2601 800 2673 secutaribus,
824 2599 1097 2673 Communitatibus,
1135 2602 1390 2676 Vniversitatibus,
1420 2602 1558 2676 Catiepiis

256 2713 285 2765 et
303 2705 433 2765 Sabaitis
454 2719 694 2778 quorumcunque
713 2705 844 2762 locorum
867 2720 926 2777 per
947 2706 1116 2763 uniuersum
1143 2712 1275 2762 nostrum
1297 2704 1467 2764 Romanum
1485 2703 1553 2762 Im—

254 2811 372 2883 perium
392 2809 528 2878 sitorum,
551 2807 751 2879 cuiuscunque
771 2808 831 2863 sint
850 2806 1039 2877 conditionis,
1055 2805 1189 2879 prodas,
1215 2806 1330 2865 ordinis·
1351 2815 1380 2866 et
1398 2814 1503 2879 status,
1524 2813 1571 2865 uti

257 2919 285 2970 te
301 2910 359 2969 boe
376 2919 494 2979 nostra,
523 2922 612 2980 quam
634 2907 687 2965 tibi
707 2909 813 2979 tarpiti
831 2922 932 2966 sumus
953 2908 1112 2981 dipnitate,
1134 2923 1172 2967 ae
1191 2908 1323 2967 omnibus
1345 2910 1556 2983 proeropatiois

257 3019 286 3071 et
301 3010 464 3095 insipnibus
484 3010 547 3066 eius
567 3008 787 3081 qualiacunque
806 3009 843 3067 cie
865 3011 931 3068 iure
944 3017 974 3068 et
986 3009 1197 3069 consuetudine
1211 3016 1380 3083 seruentur,
1400 3013 1459 3082 nti,
1476 3009 1554 3082 frui,

256 3114 391 3188 paudere
412 3117 441 3171 et
457 3112 553 3185 potiri
572 3107 762 3183 permittant,
792 3126 928 3169 necnon
950 3117 978 3170 te
1002 3118 1107 3170 contra
1131 3102 1304 3201 predictam
1325 3118 1459 3170 nostram
1477 3127 1556 3186 pro-

259 3218 409 3276 tectionem
436 3214 597 3287 impulsare
626 3221 678 3270 ant
704 3214 859 3270 molestare
885 3215 1035 3271 ullatenus
1056 3220 1237 3302 presumant
1265 3214 1376 3273 directe
1403 3216 1451 3272 ael
1471 3213 1555 3272 indi-

203 3325 350 3390 snreete,
377 3316 431 3394 sub
449 3329 541 3389 pana
558 3313 771 3387 indipaationis
792 3320 891 3401 nostre
907 3316 1086 3404 pravissime
1109 3331 1148 3374 ac
1168 3315 1336 3388 quindecim
1357 3315 1603 3374 merebamur:

258 3422 330 3478 auri
346 3420 433 3492 puri,
461 3432 537 3490 quas
565 3415 815 3488 contrafacientes
838 3419 943 3475 totiens
969 3419 1102 3490 quotiens
1128 3415 1349 3488 contrafactum
1371 3415 1471 3488 suerit
1491 3419 1555 3492 ipsa

255 3521 341 3595 sacto
356 3522 518 3580 incurrisse
531 3517 722 3578 declaramus
732 3536 792 3594 per
803 3527 966 3607 presentes.
991 3518 1124 3589 (inarum
1140 3518 1263 3593 quidem
1274 3517 1459 3577 medietatem
1470 3517 1554 3607 bra-

257 3628 411 3683 rionostro
424 3622 565 3710 Cesarea,
588 3622 735 3694 reliquam
755 3635 823 3679 aero
835 3629 954 3694 partem
968 3623 1012 3679 tui
1038 3621 1175 3679 b'aatriei
1186 3625 1272 3696 passi
1293 3622 1437 3679 iniuriam
1455 3620 1555 3679 usibus

258 3727 445 3786 decernimus
459 3725 684 3799 applicandam.
719 3722 838 3780 Harum
855 3725 1017 3782 testimonio
1034 3724 1190 3781 literarum
1208 3724 1307 3796 Sipiili
1321 3724 1417 3781 nostri
1433 3739 1550 3798 appea-

190 3837 209 3887 §-
218 3838 249 3879 10·
259 3832 340 3913 sione
361 3830 552 3887 munitarum.
595 3823 675 3884 aaa.
690 3826 850 3884 incivitate
865 3831 967 3883 nostra
983 3823 1142 3897 Imperiaii
1156 3827 1289 3897 Aupusta
1300 3823 1356 3882 Die
1377 3824 1553 3883 duodecima

257 3932 370 3992 Mensis
385 3930 460 3989 Iulii
473 3929 559 3987 Anao
572 3928 692 3987 Domini
708 3926 866 3986 Mittesimo
885 3926 1119 4000 Otarepentesimo
1138 3926 1408 3999 decimoseptimo,
1431 3924 1603 3999 Repro-

257 4049 324 4092 ram
342 4040 508 4092 nostrorum
523 4029 654 4088 Romani
671 4028 829 4087 Tricesimo
847 4030 991 4100 secunao,
1019 4027 1181 4115 Hunparie
1202 4044 1271 4086 uero
1292 4029 1428 4085 uicesimo
1444 4034 1603 4087 ocimu..

321 4179 323 4183 .
340 4134 581 4192 Maximitianas.
796 4131 846 4189 Aci
857 4131 1033 4189 mandatum
1049 4131 1195 4189 Casurae
1214 4131 1326 4188 maiest.
1339 4131 1511 4204 proprium.

1014 4231 1187 4293 Scrnteiner
1207 4247 1290 4307 mpp.

886 4484 914 4544 2.

323 4622 365 4671 Ad
378 4622 455 4671 Petri
467 4620 579 4686 Aegidii
597 4620 894 4685 lamentationis,-qua
907 4620 1013 4671 Genius
1029 4619 1216 4672 Maximiliani
1230 4618 1351 4668 Caesaris
1369 4624 1489 4672 mortem
1507 4618 1539 4668 de

256 4706 361 4773 plorat,
382 4707 430 4757 hos
448 4709 544 4758 v'ersus
750 4762 759 4773 ι

559 4791 615 4855 „As
632 4806 680 4865 vos
700 4795 765 4840 anto
785 4788 856 4840 alios
874 4791 937 4854 quis
956 4790 1083 4840 manibus
1102 4790 1192 4840 sacris

559 4877 654 4926 Caesar
673 4876 827 4926 contribuit
845 4881 921 4924 serta
939 4876 1076 4937 virentia,

823 4994 990 5004 *-

255 5050 340 5099 LVII.
365 5049 389 5097 2.
426 5046 693 5098 Rer.(}crmunicar.
709 5044 864 5110 Scriptores
888 5062 922 5095 er
944 5044 1011 5094 bibl.
1025 5046 1113 5109 Marq.
1126 5043 1242 5093 Freheri
1267 5057 1323 5091 cur.
1337 5042 1369 5090 B.
1383 5040 1417 5091 G.
1432 5042 1545 5096 Struvio

601 5137 666 5181 tom.
680 5132 717 5180 11.
730 5132 876 5195 Argontor.
892 5129 965 5178 1717.
979 5127 1027 5178 fol.
1043 5146 1068 5195 p.
1082 5127 1140 5179 703.
1156 5145 1195 5193 sq.
1340 5135 1343 5142 '

323 5285 608 5345 ¹Imunitatib11s,A.
667 5284 785 5335 Indultis
804 5284 954 5335 honoribus
968 5288 1017 5336 t.·
1054 5281 1150 5331 ³ircti
1163 5283 1198 5331 A.
1219 5281 1285 5330 freti
1300 5284 1324 5330 1.
1338 5283 1367 5329 2.
1428 5280 1603 5332 ’sauz

255 5371 380 5436 gordiam
395 5374 453 5420 t.2.
506 5368 742 5421 8ειίεηιῑιὶιιιιιεΑ.
795 5368 817 5401 ¹⁷
836 5370 980 5420 serventur
992 5372 1018 5418 2.
1071 5366 1095 5399 ¹⁰
1112 5367 1278 5431 gravissima
1291 5370 1317 5415 2.
1375 5365 1603 5417 Marcharmffl

256 5460 312 5506 t.2.
332 5456 416 5506 Etiam
428 5460 454 5506 in
467 5456 644 5519 A.posterior
655 5471 742 5504 manui
754 5455 875 5504 indidith
927 5450 1095 5504 ”meurisse
1108 5453 1142 5501 A.
1196 5448 1409 5501 ²³Aerarioi.2.
1463 5448 1487 5483 ’⁴
1507 5459 1603 5518 apl

253 5542 412 5608 plicandum
424 5544 450 5590 2.
500 5537 717 5591 ”Milteiimim
772 5537 1012 5604 ²⁰Subscriptioaes
1030 5543 1168 5589 amiserunt
1183 5538 1241 5618 1.2.
1294 5535 1545 5587 Muimialianu
1561 5557 1595 5575 e
