3625 7050
321 1192 395 1263 456
466 1203 652 1255 ADDENDA.
689 1199 782 1252 XCI*.
809 1206 1621 1252 aavcaamraoacmnn.naonassrs.asarmot-‚iste

342 1491 534 1526 savinianus.
846 1454 1094 1528 Lxxxxta

325 1543 560 1556 ——-—

790 1627 946 1707 [retrusus
970 1625 1147 1705 ttut'outtu']

559 1731 844 1773 aavaaanorasruo
868 1733 908 1771 nr
932 1730 1233 1772 sacaaaaurraaiuo
1257 1730 1384 1770 nouruo

776 1813 930 1863 ACHILLI
947 1815 997 1862 DE
1017 1812 1162 1862 CRASSIS

571 1901 737 1941 aooaasia
762 1901 956 1942 earaoaroa
979 1900 1172 1941 oioursarno
1197 1899 1375 1939 clinomeni

645 1986 774 2027 nouruo
798 1985 859 2027 svo
883 1986 972 2034 oran
995 1985 1301 2026 onsaavasnissmo

917 2071 1024 2112 aona.

540 2174 565 2228 S.
582 2174 609 2228 ll.
627 2175 655 2228 P.
673 2174 737 2230 llrne
760 2183 787 2229 et
811 2174 1036 2230 excellentissime
1059 2174 1108 2228 uu.
1132 2173 1282 2228 Cardinalis
1304 2172 1415 2229 helrille.

268 2259 314 2308 §.a
415 2260 468 2314 lam
483 2259 573 2332 prisea
594 2258 707 2314 redeunt
731 2259 834 2320 omnia,
856 2261 907 2314 iam
928 2260 1108 2314 Troianorum
1124 2259 1276 2314 renascitur
1293 2256 1389 2317 tellus.
1413 2256 1626 2311 irmnanissimo·

328 2363 388 2401 riirn
415 2343 592 2399 barbarorum
620 2345 696 2413 regio
726 2345 837 2399 adsueta
863 2362 958 2417 rapere
985 2344 1050 2398 riris
1077 2345 1243 2399 humanitate
1271 2363 1301 2397 ac
1328 2341 1464 2414 elegantia
1490 2341 1659 2394 «taurinam

328 2429 451 2506 praeditis
479 2429 622 2500 coniugem
648 2428 711 2483 boui
735 2429 852 2484 murrinis
875 2430 988 2490 laruam,
1016 2431 1093 2502 regio
1122 2429 1224 2484 ruulirre
1251 2429 1361 2487 mortis.
1391 2427 1469 2496 regio
1488 2427 1627 2480 ‹tetrartu-

329 2533 389 2571 rum
411 2523 440 2568 et
461 2513 685 2568 calumniatorum
710 2513 951 2586 tlieologistarum.
984 2514 1028 2587 qui
1057 2515 1127 2569 haud
1149 2513 1235 2569 multo
1258 2522 1319 2568 aute
1339 2521 1482 2585 coeperunt
1511 2509 1538 2563 iu
1562 2511 1627 2563 lier-

330 2598 417 2655 mania
440 2615 563 2671 quosque
587 2597 873 2654 iurisconsultissirnos
896 2609 924 2654 et
946 2599 1154 2654 honestissimos
1178 2599 1301 2653 hommes
1323 2598 1422 2652 ilecoro
1451 2615 1500 2650 suo
1525 2613 1555 2649 ae
1580 2595 1628 2648 lm·

330 2701 396 2739 nore
418 2682 583 2756 depredari,
617 2691 647 2737 ιιι
670 2684 715 2755 qui
739 2683 852 2738 rriaxime
875 2683 967 2756 legum
988 2684 1082 2738 hostes
1105 2693 1132 2739 et
1155 2683 1237 2738 rideri
1261 2681 1342 2737 reliut
1363 2690 1390 2737 ct
1412 2680 1521 2739 baberi,
1554 2697 1627 2734 earn·

331 2785 384 2842 que
410 2784 489 2822 unam
512 2768 571 2822 elata
595 2784 677 2840 rqiero
705 2768 876 2841 potissimum
904 2786 999 2823 rimare
1029 2769 1095 2823 iuris
1125 2767 1279 2824 facultatem
1310 2767 1434 2839 cupiant,
1470 2768 1662 2837 quauqnam¹⁵

332 2862 361 2907 et
382 2852 441 2907 aliis
465 2869 573 2925 quoque
594 2852 675 2906 tersis
697 2872 727 2908 ae
749 2852 907 2926 politiorum
930 2853 1029 2908 artium
1052 2853 1163 2926 optimis
1186 2852 1273 2907 literis
1292 2852 1359 2907 rlrrce
1382 2851 1549 2905 hstbarotha
1573 2847 1630 2902 bel-

272 2936 562 2992 §.attaminatione
606 2937 779 3011 Quapropter
807 2957 876 3011 opus
900 2939 953 2995 erit
978 2937 1057 3012 plane
1087 2938 1217 2993 animosis
1241 2936 1381 2995 hiaeilms.
1413 2944 1497 3007 utque
1528 2935 1628 2988 iterum

332 3022 363 3076 ad
387 3021 493 3075 Troiam
518 3038 632 3091 irruguus
655 3023 779 3078 mittatur
805 3022 937 3082 Achilles.
967 3040 1020 3078 nou
1044 3023 1192 3077 larissaeus
1217 3021 1276 3082 ille,
1310 3039 1362 3076 mm
1385 3019 1542 3079 Phthiotas,
1573 3035 1627 3071 non

332 3123 402 3160 unus
425 3105 523 3178 aliquis
543 3106 576 3160 de
595 3106 786 3163 Thessalorum
809 3116 905 3181 gente,
929 3108 975 3162 sed
998 3107 1030 3162 rle
1050 3110 1209 3162 Crassorum
1233 3105 1371 3180 splendida
1395 3103 1555 3161 nobilitate.
1581 3103 1627 3176 qui

333 3198 434 3246 tantam
466 3209 496 3245 ao
523 3198 575 3245 tam
597 3189 677 3263 louge
701 3192 808 3266 lateque
829 3202 999 3265 grassantem
1021 3192 1139 3266 plusque
1159 3193 1251 3247 alerem
1279 3190 1458 3246 semestribns
1480 3188 1661 3243 durantem²⁰

334 3292 451 3348 pugnam
474 3274 596 3329 Oculatis
619 3276 721 3350 speculi
746 3279 865 3338 ratione,
898 3295 951 3333 non
974 3275 1147 3337 crudelitate.
1181 3276 1264 3335 libra.
1294 3293 1348 3332 non
1372 3276 1474 3331 lancea.
1510 3273 1627 3331 iusticia.

274 3378 319 3427 §.a
334 3377 388 3414 non
407 3361 498 3415 farore
517 3359 627 3416 dirimat
648 3371 729 3434 atque
751 3363 893 3424 «lacernam
916 3362 1006 3416 uesit
1029 3370 1082 3417 tmu
1102 3359 1179 3416 laede
1202 3361 1262 3416 istis
1282 3360 1403 3415 barlmris
1428 3360 1454 3412 in
1477 3356 1629 3430 quemlihet

332 3461 461 3500 concessa
483 3443 639 3500 libidinandi
663 3454 798 3519 potestas,
834 3456 874 3501 ‘ue
905 3447 1075 3520 pudentiores
1100 3446 1148 3500 riri
1175 3445 1333 3500 bmniliores
1363 3443 1469 3498 iniuriis
1500 3442 1629 3499 alliciant.

333 3547 399 3584 nere
428 3531 585 3585 defensores
612 3550 706 3587 eorum
737 3532 912 3588 ealunmiosis
939 3531 1097 3587 criminibus
1126 3532 1294 3587 insectentur
1322 3529 1495 3588 innoeentes'.
1536 3536 1564 3581 ut
1592 3527 1628 3580 ait

333 3616 450 3671 llnmaua
477 3615 518 3671 lex
542 3614 654 3688 Ulpiano
678 3626 785 3688 rogata,
819 3618 889 3672 uude
918 3634 971 3671 mm
1001 3616 1103 3689 absquo
1127 3617 1217 3671 alirino
1245 3616 1360 3689 qirodam
1386 3614 1496 3668 numine
1528 3615 1663 3666 [ιιιιιιιιι25

332 3717 392 3755 esso
413 3699 586 3759 crediderim,
621 3702 692 3774 quud
714 3702 857 3773 negocium
886 3702 937 3756 hoe
966 3702 999 3756 do
1028 3700 1104 3755 libris
1134 3701 1284 3756 lmlamrmn
1313 3699 1478 3756 ermuandis.
1511 3697 1545 3751 dc
1574 3714 1630 3769 qun

282 3835 288 3844 ,
333 3793 406 3840 tanta
429 3794 456 3839 et
477 3794 529 3840 tam
550 3785 597 3841 diu
619 3785 752 3859 protelata
775 3786 914 3842 eontentio
937 3794 994 3847 est,
1024 3794 1077 3840 tria
1100 3786 1173 3859 RQ
1198 3804 1228 3840 ac
1248 3784 1421 3858 arnplissima·
1449 3781 1631 3837 dominationi

334 3869 367 3924 ab
389 3870 492 3943 optimo
517 3870 630 3925 inaximo
646 3871 734 3925 Leone
754 3867 789 3925 xo
811 3872 922 3926 Patrum
944 3872 1038 3931 Patre,
1063 3879 1143 3942 atque
1165 3888 1214 3926 aro
1238 3878 1347 3929 nostro,
1371 3869 1454 3922 idest
1473 3868 1546 3940 Papa
1566 3884 1631 3938 pru·

334 3954 509 4015 deotissime.
537 3971 624 4028 nuper
647 3965 676 4010 ut
699 3956 803 4029 accepi,
834 3955 1057 4010 corruuittemlmu
1081 3955 1198 4015 venerit,
1228 3973 1261 4010 ue
1285 3955 1355 4009 lorte
1382 3954 1408 4007 iu
1432 3970 1541 4007 ruarrum
1564 3951 1633 4006 alio·

272 4039 318 4089 §.a
335 4040 380 4111 qui
404 4039 469 4094 levis
489 4039 603 4095 alieuius
625 4039 736 4096 olrarrati
766 4058 795 4096 ae
827 4040 969 4096 nummarii
997 4039 1091 4095 imlieis
1116 4057 1242 4095 casurum
1268 4040 1358 4093 luerit.
1402 4037 1452 4092 Sed
1483 4038 1552 4098 lieri,
1584 4037 1667 4090 diu³⁰

334 4124 445 4180 nimium
469 4125 579 4180 deluisti
590 4168 596 4186 ,
621 4124 821 4199 superillustris
838 4124 957 4187 hebille3
987 4124 1020 4179 ab
1038 4124 1089 4181 hoe
1106 4126 1177 4180 enim
1199 4123 1376 4179 barbarorum
1398 4122 1521 4177 exercitu
1540 4122 1633 4176 tritinia

895 4258 1065 4267 ——n————

335 4305 505 4355 LXXXXI*.
527 4306 539 4354 l
553 4323 587 4349 =
599 4293 731 4357 Bibliotb.
747 4323 803 4371 reg.
817 4308 909 4358 Berol.
924 4308 980 4357 MS.
994 4308 1075 4356 Lar.
1089 4306 1214 4356 Fatetur).
1229 4306 1277 4355 sol.
1291 4305 1332 4356 311.
1346 4322 1386 4369 sq.
1422 4304 1520 4352 ‘2:(l.
1536 4304 1633 4353 Fried-

333 4390 450 4451 leander,
480 4391 612 4455 Beitriigo
636 4407 684 4439 zur
702 4392 1079 4456 Reformationsgesehieble.
1122 4391 1282 4455 Sammlung
1305 4389 1512 4453 ungedruoltter
1538 4388 1633 4436 llrieie

485 4475 533 4524 des
551 4476 700 4535 Reuohlin,
720 4478 796 4526 Beza
814 4478 868 4526 und
882 4477 1034 4539 Bullinger.
1064 4476 1158 4525 Berlin
1180 4475 1255 4525 isar.
1275 4475 1310 4523 8⁰.
1330 4492 1355 4538 p.
1369 4472 1475 4522 rano.

400 4610 411 4643 θ
435 4627 537 4676 suoque
557 4617 581 4660 2.
651 4614 661 4645 ⁰
683 4614 808 4664 Achilles
832 4614 866 4663 de
890 4614 1012 4674 Gremio,
1038 4614 1234 4670 Bononiensis,
1263 4613 1409 4676 episcopus
1435 4610 1633 4661 Bononiensis.

333 4698 478 4763 presbyter
497 4698 647 4748 cardinalis
666 4700 740 4749 tituli
760 4700 786 4748 S.
802 4700 886 4756 Sixti,
912 4699 1026 4747 Antonii
1049 4698 1083 4747 de
1103 4697 1214 4746 Grassis
1233 4696 1356 4761 episcopi
1374 4694 1517 4743 Tiburtini
1537 4709 1634 4757 nepos,

334 4800 351 4832 a
370 4783 664 4850 Iulioll.episeopus,
691 4784 800 4834 auditor
825 4790 891 4833 rota·
916 4790 944 4833 et
967 4783 1185 4841 referendarius,
1212 4799 1237 4832 a.
1257 4780 1356 4829 deindo
1383 4778 1455 4827 l5ll.
1477 4778 1636 4827 cardinalis

333 4869 442 4931 factus,
461 4872 563 4934 saepius
582 4870 772 4935 legationibus
792 4870 826 4918 ad
845 4884 926 4933 reges
940 4867 1132 4931 Caesaremque
1153 4867 1277 4923 binetus,
1298 4865 1366 4914 obiit
1382 4880 1415 4912 m.
1430 4864 1500 4911 Nor.
1515 4879 1542 4911 a.
1561 4862 1634 4910 15:¹3.

333 4952 376 5002 Cf.
398 4954 542 5003 Ciaeoonii
560 4955 628 5003 Vitt.
649 4954 760 5003 I‘outill.
780 4953 831 5002 111.
850 4970 875 5018 p.
894 4952 953 5001 auti.
972 4968 1012 5015 sq.
1098 4951 1109 4981 ⁹
1133 4952 1295 5000 imanissinr.
1317 4953 1341 4997 2.
1424 4945 1443 4979 ¹¹
1468 4947 1589 5011 proditis
1612 4952 1635 4995 1.

333 5036 352 5070 ¹⁶
370 5037 490 5103 dathan]
510 5039 580 5089 idoli
600 5039 771 5089 Sidoniorum
790 5039 859 5088 satis
878 5037 1101 5109 exhibitiones
1120 5037 1169 5085 sed
1188 5037 1272 5085 stiam
1291 5032 1453 5082 Hoehstrati
1473 5048 1530 5081 uon
1548 5033 1637 5081 intre·

331 5139 417 5188 quens
435 5129 491 5173 turn
511 5123 663 5188 appellatio
682 5125 826 5175 derisoria.
879 5123 983 5172 bellam
1001 5126 1027 5173 2.
1080 5120 1103 5153 ²⁰
1120 5121 1263 5187 plusquam
1283 5122 1308 5168 2.
1362 5114 1470 5179 ‹teceml
1491 5117 1526 5165 sd
1547 5133 1638 5166 annos

331 5207 398 5261 belli
417 5209 531 5257 Troiani
551 5207 666 5257 adludit.
719 5208 739 5241 ²¹
760 5208 869 5259 iustitia
887 5212 913 5258 2.
983 5207 1005 5239 ²³
1025 5208 1304 5264 ‘nominnooeutes'‚
1325 5204 1360 5252 ad
1378 5202 1545 5265 religionem
1566 5218 1637 5267 pra»-

331 5296 399 5346 sidis
417 5294 568 5359 provinciae
587 5294 717 5358 pertinet.
737 5294 848 5359 Ulpian.
862 5296 894 5343 L.
908 5294 932 5343 6.
946 5295 961 5354 ξ
973 5294 997 5342 ⁶2.
1012 5294 1077 5357 Dig.
1090 5291 1124 5341 de
1138 5290 1233 5341 officio
1246 5288 1372 5353 praesidis
1385 5288 1407 5335 1.
1424 5284 1464 5334 18.
1520 5282 1544 5315 ²⁵
1562 5286 1638 5334 unde

372 5380 515 5429 contentio
534 5375 586 5443 est]
605 5379 656 5427 Hir
674 5381 766 5429 titteris
789 5381 824 5429 od
841 5396 921 5444 riaarp.
940 5380 1086 5427 adnotatam
1104 5383 1142 5425 est
1155 5376 1212 5425 NB.
1226 5377 1251 5424 in
1266 5376 1289 5422 1.
1309 5374 1437 5422 inclinatis
1454 5375 1593 5435 expressit
1613 5374 1638 5419 2.

330 5466 353 5498 ²¹¹
370 5468 456 5516 Patrd
474 5450 583 5531 patrita
597 5466 645 5513 red
666 5481 747 5528 arrpra
765 5466 890 5514 indractum
914 5465 1013 5529 patriae
1034 5465 1144 5526 positura
1167 5467 1205 5509 cat
1228 5463 1308 5524 patro
1328 5458 1352 5504 1.
1393 5456 1481 5505 Voluit
1500 5464 1641 5508 comam

331 5555 411 5618 patro
430 5550 528 5616 patriae
583 5546 605 5579 ³⁰
623 5547 750 5615 obaerati]
769 5552 819 5600 salt
837 5548 958 5614 poeuuia
977 5547 1099 5612 corrupti
1150 5544 1171 5577 ³¹
1190 5544 1313 5605 Barbara
1327 5544 1351 5591 1.
