3625 7050
455 1194 553 1256 XCIX.
565 1218 670 1257 renem
683 1219 746 1254 eor.
759 1218 796 1254 no
809 1218 958 1254 nnnrsrvu
971 1218 1093 1254 iroovur.
1107 1219 1150 1254 nr.
1164 1219 1190 1254 n.
1204 1210 1238 1254 tt.
1252 1220 1313 1255 nec.
1329 1211 1387 1254 1518.
1499 1187 1569 1261 231

285 1491 423 1527 nonen.
538 1565 542 1572 ι
771 1456 1088 1532 LXXXXVHII.
1223 1473 1228 1481 “

599 1626 692 1695 [Resp.
707 1629 743 1680 ad
754 1628 863 1679 Alborti
876 1630 958 1695 epist.
973 1629 998 1680 d.
1015 1629 1054 1680 13.
1069 1628 1145 1694 Sept.
1161 1625 1246 1693 1518]

268 1766 562 1813 neruorumssmo
593 1766 835 1810 onerosuucrm
863 1767 1007 1810 nonnum
1035 1767 1201 1809 nocensne
1232 1770 1282 1809 rr.
1307 1768 1332 1809 s.
1364 1767 1572 1810 cnnreooom

835 1852 1014 1894 oaunrunm

251 1940 266 1980 e
434 1932 711 1986 MOGVNTINENSI
728 1933 774 1985 Ao
792 1935 1105 1987 MAGDEBVRGENSI
1127 1934 1419 1987 ARGHIEPISCOPO

632 2023 778 2064 eumcum
800 2023 964 2065 nnocrom
986 2024 1123 2064 curuum
1145 2023 1216 2064 erc.

346 2106 631 2151 Anumrsrreurom
654 2108 946 2150 nuonnnsrurnusr
974 2108 1158 2150 unuourour
1179 2107 1498 2151 nnuunnuovronusr

666 2193 818 2250 ElldSlll'S
841 2194 1082 2251 uornuonuuvs
1105 2195 1131 2251 S.
1146 2194 1174 2249 n.

360 2327 492 2385 liberalis
516 2329 624 2402 quidam
646 2339 674 2386 ot
697 2330 832 2403 ingenuus
855 2331 956 2404 ingenii
980 2331 1019 2386 tui
1041 2331 1143 2386 candor
1165 2331 1192 2386 iu
1213 2348 1293 2386 causa
1317 2331 1368 2386 luit
1391 2331 1504 2405 opinor,
1528 2341 1625 2392 re·§.t.

246 2413 471 2472 reverendissime
493 2414 595 2488 praesul
623 2423 650 2469 ct
679 2415 749 2470 idem
779 2415 906 2490 princeps
934 2415 1131 2477 illustrissime,
1161 2424 1190 2470 ut
1213 2433 1245 2470 er
1267 2417 1334 2471 meis
1362 2415 1463 2472 libellis
1485 2416 1570 2492 longe

273 2517 356 2575 quam
379 2499 558 2573 promeritis
581 2499 710 2554 maiorem
733 2500 889 2574 opinionem
912 2501 945 2555 de
968 2518 1011 2556 me
1033 2500 1198 2574 conceperis.
1240 2498 1273 2555 lit
1297 2508 1385 2556 tamen
1407 2501 1490 2556 istum
1513 2502 1569 2556 aui·

272 2602 348 2641 nrum
373 2592 449 2639 tuum
472 2585 495 2638 si
517 2583 606 2639 miuus
629 2584 708 2645 mibi.
737 2592 812 2640 certe
842 2584 931 2640 literis
958 2603 988 2641 ac
1017 2584 1277 2657 virtuti'gratulor,
1307 2584 1433 2657 gratulor
1461 2585 1493 2640 iis
1521 2587 1568 2659 qui

271 2687 336 2725 rere
360 2676 425 2724 suut
448 2668 473 2723 id
496 2668 569 2740 quod
591 2686 633 2723 mc
655 2668 744 2724 eredis
767 2687 836 2725 csse.
882 2669 1015 2744 sicpridem
1038 2678 1068 2724 ut
1090 2670 1220 2725 hacteuus
1250 2678 1323 2724 errat
1352 2677 1397 2725 tua
1425 2668 1567 2732 celsitudo.

272 2754 348 2828 quod
372 2760 476 2808 tautum
498 2752 584 2808 laudis
608 2752 703 2809 tribuit
725 2753 849 2816 Erasmo,
879 2772 935 2809 nou
963 2763 1037 2809 errat
1067 2762 1155 2810 tamon
1184 2755 1211 2809 iu
1238 2755 1303 2815 boc,
1334 2754 1406 2827 quod
1427 2755 1565 2827 egregiam

228 2840 405 2894 tarirtntcm
432 2855 492 2895 cum
520 2837 673 2893 eruditione
704 2839 762 2911 pari
791 2838 960 2912 copulatam,
991 2840 1018 2894 iu
1046 2856 1208 2913 quocunque
1236 2840 1420 2913 comperiatur
1447 2839 1564 2902 bomine,

272 2939 443 2979 sumimorum
471 2922 624 2996 principum
647 2922 737 2978 studio
760 2923 901 2979 fovendam
925 2923 1127 2997 ornandamque
1148 2932 1250 2980 conset.
1295 2923 1452 2996 Quanquam
1475 2932 1620 2988 autemus.

272 3025 329 3064 non
353 3007 523 3069 dubitabam,
547 3008 613 3080 quin
636 3025 666 3062 ex
689 3025 840 3081 congressu
864 3008 1021 3064 nonnullam
1045 3009 1181 3082 opinionis
1204 3026 1270 3064 mccc
1293 3010 1421 3065 iacturam
1444 3009 1566 3064 lactemus

272 3109 364 3148 essem
384 3092 455 3166 aliud
479 3099 520 3153 te,
545 3099 633 3147 tamen
656 3092 778 3166 apprime
801 3093 950 3165 gestiebam
973 3095 999 3148 in
1024 3103 1077 3148 tam
1100 3095 1188 3149 eximii
1211 3094 1342 3169 principis
1364 3092 1503 3167 arnplcuus
1524 3112 1566 3149 ac·

271 3193 400 3238 currere,
437 3194 467 3232 ac
495 3193 528 3231 ue
559 3194 674 3250 prorsus
702 3166 816 3249 ddmpoe
846 3178 976 3240 uenirem,
1010 3178 1086 3234 Parrli
1114 3178 1147 3233 ad
1173 3180 1309 3234 Roaiauos
1337 3177 1462 3252 epistolae
1488 3195 1566 3251 para-

225 3267 263 3309 ³⁰
271 3262 386 3337 phrasin
411 3269 457 3316 tuo
480 3261 581 3316 nomini
604 3261 777 3317 destinaram.
821 3263 893 3317 lirino
916 3263 1033 3318 oninium
1056 3280 1144 3318 memu
1166 3263 1254 3337 litoris
1277 3263 1455 3336 significaram
1477 3263 1565 3318 iuveni

272 3363 329 3402 nou
352 3346 442 3401 miuus
464 3346 618 3401 eruditione
641 3364 720 3419 quam
744 3346 905 3432 imaginibus
928 3347 1017 3409 claro,
1041 3348 1163 3403 lldalrico
1186 3347 1319 3411 llutteuo‚
1343 3348 1464 3428 sedhoc
1486 3349 1563 3403 unice

271 3429 376 3492 nobili.
408 3430 481 3503 quod
510 3439 556 3485 tua
582 3430 700 3504 dignitas
730 3430 806 3487 illum
834 3432 905 3487 iuter
927 3433 1080 3506 praecipuos
1103 3450 1133 3488 ac
1156 3432 1300 3488 interiores
1323 3433 1469 3489 officiarios
1491 3449 1564 3487 com·

248 3515 411 3591 plectitur.
457 3515 508 3571 Sed
531 3534 562 3572 ea
584 3534 646 3572 mor
668 3525 769 3573 mutata
793 3526 835 3572 est
858 3517 1008 3580 sententia.
1039 3518 1112 3591 qrrod
1137 3517 1224 3591 magis
1252 3519 1396 3575 convenire
1420 3517 1562 3580 rideretur,

271 3610 303 3656 ut
326 3600 401 3675 quod
423 3600 568 3656 llhouumis
596 3602 729 3675 scriptum
755 3611 844 3665 esset,
876 3603 969 3658 iisdem
994 3603 1195 3658 inscriberetur.
1240 3603 1344 3658 luterea
1365 3620 1415 3658 uec
1437 3620 1487 3677 per
1509 3603 1619 3668 ior-§.u

225 3691 367 3741 estonam
394 3694 442 3740 tuo
469 3692 617 3759 conspectu
646 3686 698 3741 lrni
728 3687 819 3742 alatum
847 3696 902 3749 est,
938 3705 986 3742 nec
1012 3705 1063 3760 per
1090 3687 1241 3743 studiorum
1270 3688 1428 3742 immodicos
1456 3686 1565 3743 labores

270 3770 349 3826 licuit
376 3759 508 3843 apparlre
537 3771 610 3843 quod
638 3778 683 3826 tna
710 3770 872 3827 celsitudine
899 3771 1011 3843 dignum
1039 3772 1198 3826 baberetur:
1231 3773 1331 3827 etenim
1353 3789 1413 3827 cuin
1443 3771 1564 3844 proxime

270 3854 403 3911 basileam
433 3862 599 3929 repeterem,
633 3856 660 3910 iu
687 3856 819 3912 diversam
847 3857 959 3911 ditionis
990 3863 1043 3910 tuoe
1071 3864 1176 3929 partem
1204 3855 1300 3928 procul
1334 3863 1360 3910 te
1392 3854 1564 3919 contuleras;

269 3956 382 3996 rursum
410 3938 457 3994 ubi
484 3956 527 3995 mc
559 3939 708 4013 reciperem
738 3940 765 3996 iu
794 3941 923 4015 patriam,
957 3941 1008 3995 iam
1036 3942 1107 4013 apirul
1133 3940 1264 3995 Caesarem
1292 3939 1392 4011 agebas
1420 3940 1563 4011 dogustae;

270 4025 345 4099 quod
369 4023 477 4098 quidem
499 4025 552 4079 iter
573 4042 633 4081 cum
657 4025 722 4080 mibi
743 4026 784 4081 rel
808 4026 883 4081 eunti
905 4025 946 4080 vel
970 4025 1094 4080 redeunti
1116 4025 1209 4079 rnrrltis
1238 4024 1391 4079 nominibus
1415 4024 1562 4079 iufaustum

225 4110 370 4169 tefuerit.
393 4108 470 4164 nullo
493 4117 583 4164 tannen
605 4109 754 4171 infelicius,
784 4128 863 4183 rpeiam
887 4110 960 4183 quod
984 4110 1021 4163 tui
1045 4127 1099 4166 uon
1122 4109 1239 4181 contigit
1260 4110 1346 4182 eopia.
1390 4109 1477 4164 Porro
1500 4109 1618 4169 eliciunt.

269 4192 436 4269 posthabitis
458 4194 531 4249 curis
554 4194 679 4249 omnibus
702 4212 752 4268 pro
768 4195 870 4250 virilius
891 4195 1014 4256 adnitor,
1038 4203 1068 4249 ut
1082 4194 1184 4250 Nouum
1201 4194 1401 4249 Testamentum
1418 4194 1507 4248 Leone
1522 4193 1562 4255 ll.¹

269 4280 313 4335 eui
335 4278 455 4334 dicatum
478 4285 550 4340 erat,
573 4279 684 4351 dignum
707 4279 833 4340 efficiam.
858 4298 888 4335 ac
911 4279 1026 4353 proinde
1049 4280 1146 4335 iterum
1170 4286 1252 4351 atquc
1275 4279 1373 4334 iterum
1390 4295 1473 4339 norro,
1497 4278 1562 4333 milri

270 4380 339 4437 pene
363 4371 503 4418 veternum
525 4362 638 4435 collegi:
672 4363 734 4417 dum
757 4365 809 4420 boc
831 4382 845 4419 a
868 4365 944 4419 senio
967 4364 1087 4426 uindico,
1112 4364 1176 4420 milri
1199 4364 1304 4420 senium
1327 4363 1463 4424 contraxi,
1487 4363 1563 4418 duru-

270 4465 324 4521 que
347 4446 428 4507 illud¹
459 4448 498 4502 uti
521 4448 631 4508 scribis,
655 4448 773 4521 pristino
795 4450 878 4504 nitori
902 4450 1032 4510 restituo,
1063 4450 1129 4504 milii
1151 4449 1366 4522 squalorem-ac
1394 4449 1475 4503 situm
1498 4466 1563 4503 criu·

225 4531 377 4587 raciliam:
411 4549 470 4586 nam
495 4531 572 4587 labor
593 4532 616 4586 is
639 4540 669 4587 nt
691 4531 839 4607 voluptatis
862 4540 889 4588 ct
913 4533 1008 4605 gloriae
1031 4551 1111 4606 quam
1131 4534 1271 4590 minimum
1301 4534 1395 4595 babet,
1426 4534 1461 4587 ita
1490 4533 1562 4588 tecdii

270 4616 459 4689 molestiaeque
481 4615 636 4688 plurimum.
681 4633 711 4672 ac
734 4635 802 4691 pene
824 4617 978 4691 duplicabat
1004 4618 1168 4681 molestiam,
1199 4619 1271 4691 ‹prrrrd
1299 4617 1454 4691 complures
1482 4634 1562 4690 cupo-

269 4700 340 4756 rirer
368 4700 584 4773 ingratissimos,
617 4717 732 4773 quorum
761 4700 872 4757 utilitati
900 4702 1071 4775 potissimum
1107 4710 1209 4757 tanturm
1242 4702 1343 4757 laboris
1370 4701 1560 4756 desudabatnr.

270 4785 388 4841 'landem
411 4792 439 4840 et
462 4803 476 4839 a
499 4783 638 4839 laboribus
661 4785 759 4858 quibus
783 4786 982 4859 distringebar,
1012 4795 1040 4842 et
1062 4806 1076 4841 a
1099 4787 1201 4841 morbis
1224 4787 1270 4858 qui
1294 4804 1336 4841 mc
1364 4786 1560 4859 propemodum
1571 4803 1616 4852 ss,

269 4870 455 4931 extinxerant,
488 4878 628 4943 utcunque
651 4870 716 4925 milri
739 4872 883 4926 restitutus
914 4871 994 4927 oflicii
1022 4873 1074 4926 mei
1101 4871 1254 4927 meminisse
1283 4872 1353 4944 coepi
1379 4878 1461 4942 atque
1489 4869 1562 4925 liisoc

225 4954 373 5018 loliteris,
397 4954 506 5028 quando
528 4955 615 5011 adbuc
637 4972 715 5012 secus
737 4973 793 5011 uou
815 4956 891 5019 licet,
916 4954 1119 5029 arriplitudinem
1143 4964 1214 5010 tumn
1237 4953 1326 5011 saluto
1348 4953 1483 5026 simulque
1501 4971 1562 5026 gra·

268 5135 487 5187 LXXXXVIIII.
506 5134 562 5186 ΑΒ
575 5155 610 5179 =
626 5136 659 5186 Α.
673 5139 704 5188 Β.
720 5138 755 5188 ad
773 5154 863 5204 super.
877 5154 903 5188 n.
917 5139 1067 5188 LXXXVI.
1087 5138 1179 5187 ailnot.
1197 5163 1231 5172 -
1247 5136 1493 5202 Elegantissimum
1512 5150 1560 5184 au·

269 5220 349 5272 licum
367 5221 509 5272 homiuem
521 5221 613 5286 prodit
632 5220 763 5287 clustello,
789 5238 869 5287 quom
888 5227 975 5272 totam
994 5227 1104 5289 repeto,
1126 5237 1187 5271 cum
1204 5222 1410 5271 Erasmicorum
1429 5219 1560 5286 epistula·

686 5322 744 5355 rum
764 5307 884 5357 edit-ores
909 5323 970 5355 com
994 5306 1154 5371 neglegent.

330 5458 507 5509 ’renonum
519 5460 554 5508 Α.
611 5456 631 5490 ¹⁹
650 5448 771 5523 ἅδωρος]
791 5460 851 5508 sino
869 5459 1041 5508 munusculo.
1082 5460 1284 5509 RhomenosA.
1343 5456 1365 5490 ²⁰
1383 5459 1434 5508 Hae
1454 5474 1560 5524 qnoque

268 5540 364 5595 litterae
386 5540 542 5608 deperditos
563 5558 623 5593 csse
641 5544 778 5594 videntur.
832 5542 853 5574 ²⁹
872 5540 1037 5608 nominibus]
1056 5543 1259 5595 hominibusA.
