3625 7050
265 1230 360 1280 ‘LIIIL
375 1243 458 1279 urar.
470 1241 523 1278 rso
535 1240 675 1278 caruimus
688 1241 800 1276 manac.
819 1225 876 1275 LV.
891 1238 1018 1275 coenam
1032 1240 1069 1274 ni>
1082 1229 1452 1274 riscna.sr.n.²o.1vr.tart.
1494 1207 1557 1277 141

424 1397 461 1457 Et
481 1397 573 1476 siquis
594 1405 676 1457 recte
699 1395 798 1456 didicit
820 1394 898 1472 quod
922 1394 1036 1454 discere
1057 1399 1171 1453 rectum
1194 1400 1246 1462 est,

494 1498 531 1558 Et
553 1499 666 1576 siquem
688 1515 776 1556 sensu
799 1514 857 1555 noir
880 1497 956 1555 iuvat
980 1514 1044 1555 csse
1067 1495 1142 1564 rudi,

400 1599 506 1680 ¹(Nam
529 1617 626 1676 neque
649 1598 743 1659 iudice
765 1615 813 1656 me
835 1603 971 1674 superest
993 1597 1062 1674 quid
1085 1597 1183 1658 initius
1204 1596 1254 1676 illi)

357 1724 394 1762 roo
493 1699 674 1767 litteratis,
698 1698 780 1776 lapso
803 1706 852 1757 ant
875 1716 943 1757 cnm
966 1697 1113 1774 Capnionc
1135 1699 1229 1758 cadet.

754 1918 1083 1932 —--——-——-·
1097 1924 1100 1928 ·

294 2157 429 2198 sonoram.
876 2120 957 2194 LV.
1365 2150 1399 2189 tt.
1414 2156 1471 2190 ivn.
1485 2151 1546 2191 tait.

1348 2211 1565 2224 -ᾕ

345 2296 365 2339 ’
480 2310 635 2390 [ioannes
657 2310 838 2367 GOGllLAEVS
860 2312 1029 2368 nntnntno
1050 2308 1307 2413 rtnctttnnnuo]
1331 2313 1357 2368 S.

358 2449 435 2504 Redit
462 2448 489 2504 in
513 2447 680 2504 Germaniam
708 2455 804 2502 noster
831 2447 982 2507 llnttenns,
1011 2447 1200 2504 colemlissime
1226 2448 1262 2502 mi
1289 2448 1397 2505 domine
1427 2450 1619 2513 ltililialde,§.t.

275 2551 333 2590 cnm
356 2533 461 2589 meliori
484 2533 561 2605 (laxit
584 2532 661 2603 dens)
684 2533 809 2593 fortuna,
839 2550 920 2605 quam
943 2532 994 2587 lnit
1017 2532 1148 2587 hactenns
1177 2531 1216 2586 vel
1246 2532 1273 2586 in
1296 2534 1437 2589 Germania
1466 2535 1506 2589 rel
1537 2537 1563 2590 in

229 2619 357 2675 sltalia.
401 2626 515 2691 qaaestus
538 2635 597 2672 snm
620 2614 705 2672 semel
729 2616 753 2671 id
782 2617 815 2672 de
838 2612 978 2672 Germanis
1006 2625 1120 2690 propter
1142 2615 1280 2672 Erasmum
1310 2625 1399 2679 tnnm,
1427 2619 1481 2674 iino
1509 2620 1565 2675 siu·

274 2704 366 2776 gulare
389 2702 454 2759 illud
476 2702 625 2760 Germaniae
648 2702 743 2763 decus,
768 2701 842 2774 quod
863 2701 974 2756 Basilem
1003 2719 1113 2756 suarum
1135 2718 1195 2756 cum
1216 2701 1359 2775 dispendio
1383 2720 1474 2758 rernm
1498 2704 1563 2759 init:

273 2806 380 2861 possem
404 2796 431 2843 et
453 2795 567 2861 propter
589 2785 736 2842 lluttenum
758 2786 902 2859 conqueri,
927 2803 1007 2858 quem
1030 2786 1208 2861 neglexerunt
1224 2785 1361 2849 Germani,
1384 2787 1565 2861 compilarunt

273 2872 346 2934 itali,
375 2871 583 2927 vulneraverunt
606 2870 683 2925 Galli.
729 2868 805 2937 Quod
834 2870 856 2925 si
887 2879 994 2925 tantum
1023 2869 1103 2926 istliic
1130 2869 1280 2943 negligitur
1313 2871 1465 2944 ingenium.
1500 2872 1564 2946 quid

273 2955 331 3012 aliis
354 2974 465 3029 sperare
488 2955 598 3012 licebitl
628 2954 679 3009 Sed
708 2972 774 3026 ego,
802 2954 865 3010 dnm
895 2964 925 3010 tu
953 2955 1032 3015 vivis.
1061 2955 1096 3009 mi
1125 2955 1233 3010 domine
1255 2954 1397 3018 Bilibalde,
1430 2957 1481 3012 ista
1510 2974 1565 3012 nou

232 3042 373 3101 estimes:
397 3058 509 3096 securus
532 3040 645 3102 stadem
669 3039 750 3094 modo
772 3039 839 3095 deus
861 3040 921 3101 det,
945 3048 975 3094 nt
998 3039 1141 3095 incolumis
1163 3039 1196 3094 ad
1219 3057 1266 3094 vos
1288 3034 1432 3113 aliquando
1448 3042 1564 3097 redeam.

272 3125 333 3181 Fuit
361 3125 403 3180 his
432 3124 527 3181 diebus
557 3123 676 3180 Venetiis
703 3122 839 3179 lluttenns
867 3142 929 3180 cum
957 3123 1107 3196 gentilibus
1136 3124 1193 3178 suis
1216 3123 1430 3198 Hierosolymam
1458 3124 1619 3199 profici-§a

272 3209 425 3272 mentibus,
449 3227 519 3284 qnos
543 3209 636 3282 ntique
658 3208 804 3264 comitatus
827 3217 921 3274 esset„
938 3209 989 3263 nisi
1012 3208 1110 3264 Grotns
1125 3208 1277 3271 Gudianus,
1301 3209 1480 3283 Vulpinorum
1495 3229 1565 3284 pree·

271 3305 381 3370 ceptor,
411 3312 472 3350 eum
501 3294 667 3350 retinuisset.
693 3292 799 3359 Rediit
827 3293 886 3348 lieri
914 3293 1034 3367 vesperi;
1063 3311 1139 3361 mane
1163 3311 1204 3347 me
1227 3293 1309 3349 hodic
1331 3304 1408 3350 vocat
1431 3312 1564 3369 suumque

272 3374 299 3435 in
322 3378 490 3434 Germaniam
512 3378 660 3434 discessum
683 3377 771 3451 aperit
793 3395 823 3433 ac
851 3395 912 3433 sese
941 3378 1020 3434 ollert
1049 3377 1143 3434 literas
1172 3396 1245 3433 meas
1268 3379 1300 3434 ad
1332 3387 1359 3434 te
1389 3380 1475 3441 terre,
1505 3398 1564 3436 cras

240 3481 350 3520 zmane
373 3463 506 3519 abiturus.
550 3463 644 3537 ltaque
667 3461 765 3536 raptim
787 3461 892 3536 aliquot
916 3462 1013 3536 scripsi
1036 3462 1175 3538 epistolia,
1199 3463 1231 3518 ad
1255 3470 1282 3518 te
1305 3463 1413 3537 quidem
1436 3465 1512 3521 iussu
1534 3464 1621 3531 ilas.

273 3549 340 3611 lius,
363 3550 396 3603 ad
419 3548 488 3604 alios
510 3566 568 3604 mea
591 3555 704 3621 sponte,
728 3556 758 3603 ut
780 3535 911 3620 A'ngustae
933 3556 961 3603 et
982 3547 1140 3620 ingolstadii
1164 3555 1267 3603 tantum
1291 3548 1427 3621 ingenium
1450 3568 1465 3605 a
1487 3549 1566 3605 bonis

272 3633 336 3690 viris
359 3632 509 3689 honorilice
531 3633 710 3707 exciperetur.
754 3633 793 3687 dd
823 3641 864 3694 te,
892 3634 928 3687 mi
950 3633 1058 3688 domine
1080 3631 1223 3695 Bilibalde‚
1253 3633 1317 3706 qnid
1345 3633 1462 3689 scribam
1484 3634 1564 3695 alind,

273 3718 324 3773 nisi
347 3727 377 3773 ut
401 3718 536 3774 hominem
559 3717 680 3773 ternario
703 3716 757 3779 illi,
787 3734 841 3790 quo
864 3717 897 3772 ‹le
921 3735 1008 3791 nuper
1031 3726 1118 3773 tecum
1142 3716 1206 3777 lusi.
1235 3716 1422 3775 charissimum
1446 3735 1497 3791 pro
1520 3728 1565 3774 tna

273 3820 336 3875 erga
360 3803 457 3858 doctos
478 3802 675 3858 consuetudine
698 3802 846 3875 suscipias?
876 3801 961 3856 Unum
991 3810 1079 3857 tamen
1106 3819 1148 3856 me
1172 3802 1277 3873 rogavit
1304 3800 1472 3858 liberrimum
1500 3802 1565 3858 illud
1576 3811 1621 3860 §.a

225 3886 426 3943 tolitterarnm
448 3887 610 3961 mancipium
632 3886 718 3941 dicam
740 3903 774 3941 an
797 3886 952 3960 praesidium
975 3903 1007 3940 an
1030 3886 1123 3958 potins
1146 3894 1305 3958 utrumque.
1336 3895 1366 3941 ut
1388 3894 1494 3942 secreto
1519 3885 1567 3941 tili

274 3971 404 4034 scribam,
428 3989 462 4026 ne
484 3989 583 4046 pompa
606 3969 683 4025 illum
701 3960 941 4041 'Norirnliergensn
971 3978 1000 4024 ut
1024 3970 1105 4042 vulgo
1127 3969 1178 4024 dici
1202 3970 1315 4034 asserit,
1347 3971 1478 4045 excipias:
1506 3989 1567 4026 nam

275 4072 326 4112 non
352 4055 454 4114 fercula
477 4063 538 4117 tna,
562 4054 704 4129 magnilica
726 4055 847 4128 alioquin
872 4062 899 4110 et
923 4054 1009 4116 lauta.
1034 4054 1080 4109 sed
1096 4055 1176 4109 docta
1193 4061 1237 4108 tua
1253 4054 1390 4129 colloquia
1405 4056 1488 4129 petit,
1512 4073 1567 4111 non

275 4141 330 4197 sine
353 4143 456 4197 viarum
478 4140 629 4214 dispondio.
674 4138 732 4207 Quo
755 4158 820 4197 vero
843 4158 872 4195 se
896 4148 1057 4213 recepturus
1080 4139 1130 4201 sit,
1150 4140 1266 4199 neseio:
1295 4157 1384 4214 neque
1407 4149 1496 4196 tamen
1518 4141 1567 4197 ‹lu-

275 4222 328 4295 liito
359 4228 425 4299 quin
455 4225 603 4280 secretiora
633 4225 680 4280 tibi
712 4242 790 4298 quam
814 4224 878 4280 milii
902 4225 938 4280 sit
966 4224 1169 4280 commissurus.
1213 4224 1353 4281 lloaiinem
1382 4243 1434 4298 ego
1461 4232 1622 4282 tantumdt.

225 4308 399 4384 esingenim
430 4310 534 4371 studio,
564 4310 732 4372 eruditione,
763 4311 908 4382 gentisque
930 4327 960 4364 ac
982 4310 1077 4383 patriae
1100 4327 1192 4365 amore
1214 4317 1296 4383 atque
1319 4310 1503 4368 illustratione
1525 4329 1569 4367 ve·

275 4390 415 4451 dementer
442 4403 470 4450 et
493 4393 573 4449 laudo
597 4394 752 4450 ethonore
775 4411 944 4468 prosequor;
974 4398 1070 4450 vereoi
1094 4401 1196 4457 tamen,
1226 4412 1260 4450 ne
1283 4395 1439 4453 Germanica
1468 4395 1514 4451 illa
1532 4395 1569 4451 li-

273 4474 364 4536 bertas
387 4480 412 4534 si
434 4495 489 4535 uon
511 4485 695 4552 temperetur,
724 4480 833 4552 gratior
861 4479 886 4533 ei
913 4478 1058 4553 aliqnando
1081 4479 1117 4534 sit
1140 4481 1239 4535 lutura.
1263 4482 1385 4537 retrahet
1407 4499 1467 4536 eum
1490 4480 1568 4537 Eras-

268 4576 345 4628 mns;
378 4563 487 4620 retrahe
510 4572 538 4618 et
560 4571 591 4619 tu
614 4581 721 4637 quaeso,
750 4565 772 4618 si
799 4563 939 4619 commode
962 4565 1082 4637 poteris,
1111 4581 1145 4620 ne
1169 4566 1240 4620 forte
1263 4564 1441 4623 barbarorum
1464 4566 1568 4622 insidiis

266 4651 348 4706 lanto
372 4655 536 4723 praemature
558 4648 693 4723 spolietur
716 4648 825 4720 ingenio
848 4650 998 4704 communis
1021 4649 1108 4722 patria
1130 4657 1224 4704 nostra
1248 4648 1403 4705 Germania:
1426 4667 1481 4706 non
1503 4669 1568 4725 pos·

225 4738 328 4792 ¹'lsurn
347 4741 444 4807 aperte
461 4733 536 4807 loqui
552 4750 619 4806 ego:
643 4740 672 4789 tu
695 4740 785 4789 tainen
808 4750 839 4788 ex
862 4733 923 4806 ipso
946 4740 1039 4806 aperte
1062 4733 1150 4788 omnia
1174 4732 1319 4804 intelliges.
1364 4734 1463 4790 Scribit
1485 4735 1518 4789 ad
1542 4743 1624 4795 tete.

255 4826 291 4876 et
316 4818 496 4874 Frideriehus
517 4818 678 4880 canonieus,
707 4818 753 4891 qui
783 4817 956 4872 veliementer
984 4818 1094 4873 interim
1122 4817 1275 4890 expectabit
1297 4835 1459 4892 responsum
1483 4827 1567 4881 tuum,

251 4908 295 4960 ut
321 4902 462 4975 intelligat
486 4920 515 4957 se
539 4902 591 4965 tilii
615 4901 714 4958 litteris
745 4902 801 4973 suis
830 4919 885 4957 non
909 4901 994 4957 luisse
1018 4902 1210 4975 iniportunmn.
1255 4902 1290 4957 lle
1313 4902 1423 4957 llutteni
1447 4901 1568 4957 discessu
1579 4913 1624 4962 tt.

243 4991 387 5063 nepotes
412 4988 451 5043 tui
474 4986 540 5042 nilril
564 4987 667 5049 sciunt:
696 4987 781 5043 voluit
805 4985 849 5042 ille
872 4995 1008 5042 secretum
1031 5003 1105 5045 esse,
1138 5003 1171 5040 nc
1194 4988 1265 5041 torte
1289 4987 1392 5041 insidiis
1416 4988 1570 5060 intercipia-

245 5068 320 5130 tur.
362 5072 418 5128 Nos
442 5071 486 5127 liic
508 5072 612 5144 agimus
636 5073 692 5127 sani
717 5072 838 5144 quidem,
867 5080 893 5126 at
923 5071 1034 5126 nimium
1061 5069 1150 5125 calidi.
1173 5080 1292 5126 vestrum
1315 5072 1505 5144 praestolamur
1527 5080 1624 5131 reos.

241 5163 420 5234 ⁸ponsum:
450 5156 536 5212 multa
563 5157 596 5211 de
624 5157 704 5213 nobis
732 5156 764 5212 ad
794 5174 842 5212 vos
870 5164 949 5211 antea
978 5155 1089 5230 scripsi:
1117 5171 1178 5211 cras
1207 5173 1316 5230 quoqne
1345 5164 1391 5212 aut
1412 5155 1570 5230 propediem

554 5340 611 5389 nv.
630 5340 786 5388 aretinam.
807 5339 909 5402 (indie.
923 5337 991 5386 nini.
1006 5337 1043 5386 n⁰.
1058 5336 1111 5400 ao.)
1125 5354 1150 5402 p.
1164 5336 1288 5388 amaa.
1314 5305 1317 5312 ’

318 5476 337 5512 ¹¹
350 5471 496 5540 venetiis]
509 5443 889 5540 cfiepi'artolamllapl.Epantit,
900 5478 1085 5539 suprap.135.
1123 5474 1144 5506 ¹²
1156 5473 1278 5541 Vulpin.]
1290 5476 1380 5526 Fuelcs.
1421 5474 1442 5507 ¹⁵
1455 5473 1500 5541 ad]
1512 5479 1571 5527 etl.

251 5548 289 5594 ⁸¹
307 5556 504 5624 Friderichus]
516 5559 622 5610 Fischer
634 5561 778 5623 (I’a'seetor)
792 5560 997 5624 Ilerbipoteasis.
1055 5560 1078 5593 ³³
1090 5558 1216 5627 nepotes]
1230 5577 1266 5611 ee
1276 5577 1368 5611 sorore
1376 5564 1436 5624 fitia,
1452 5562 1573 5612 Gaudere.
