3625 7050
456 1224 539 1277 CCII.
560 1239 683 1276 avrrmn
696 1239 733 1275 ao
746 1239 894 1276 naerrurn
907 1240 1037 1277 evermu
1050 1240 1093 1277 ec.
1108 1241 1134 1278 o.
1146 1233 1181 1277 ²5.
1195 1239 1260 1278 nov.
1275 1232 1333 1277 tato.
1466 1206 1540 1279 427

259 1512 452 1549 BBBBNBVBGI·
833 1478 950 1555 COH-
1337 1507 1371 1547 25.
1385 1515 1450 1552 ΠΟΥ.
1464 1507 1523 1550 1520.

244 1567 483 1581 -u--C—

525 1650 696 1712 blAllTlNO
718 1650 866 1713 BVCERO
889 1652 972 1712 Vin.
997 1652 1106 1712 HVTT.
1130 1653 1258 1714 SALVT.

331 1788 416 1860 Quod
439 1806 535 1865 neque
554 1787 654 1846 “adbuc
676 1789 780 1865 scripsi
803 1788 839 1847 ad
860 1794 889 1848 te
912 1807 1008 1866 neque
1036 1790 1101 1849 misi
1129 1791 1302 1868 quicquam,
1331 1790 1360 1848 in
1384 1771 1472 1850 cansa
1495 1773 1594 1849 ester·

245 1890 326 1969 qrrocl
353 1907 412 1949 non
441 1889 531 1949 habui
559 1890 606 1948 cni
633 1896 715 1948 recto
745 1891 973 1958 committerem,
1009 1909 1078 1950 nam
1107 1890 1184 1951 band
1213 1891 1283 1950 dum
1310 1889 1429 1951 Colonia
1456 1891 1541 1951 rediit

225 2009 323 2071 apocr
345 1990 492 2051 librarius
537 1990 616 2050 Arsit
637 1988 764 2051 Coloniae
787 2010 904 2070 quoqne
926 1991 1082 2052 Lutberns.
1128 1992 1207 2067 Ergo
1229 1991 1282 2052 ibit
1304 1994 1332 2051 in
1354 1993 1451 2068 ignom
1475 2010 1541 2052 san·

243 2101 352 2171 ctaqno
379 2091 521 2170 veriloqui
549 2093 693 2152 morietur
723 2092 804 2152 blusa
834 2093 965 2154 Lnthmi.
1010 2094 1085 2153 Sunt
1113 2095 1163 2172 qni
1191 2100 1320 2153 montem
1349 2094 1542 2154 adolescentis
1552 2095 1601 2145 Μ·

248 2195 390 2273 principis
412 2194 558 2253 invertant
580 2194 640 2251 suis
662 2193 802 2253 maleficis
825 2196 992 2270 prestigiis,
1017 2213 1090 2272 qnos
1106 2195 1281 2254 Franciscns
1301 2195 1461 2255 arbitratur
1483 2214 1542 2254 non

247 2295 296 2354 din
322 2295 474 2354 valituros:
509 2312 578 2354 nam
600 2295 676 2353 inter
699 2293 836 2354 Carolinn
859 2303 888 2354 ct
910 2295 1039 2356 Leonem
1068 2313 1126 2354 non
1156 2302 1266 2355 arctam
1294 2297 1358 2356 foro
1387 2298 1543 2356 amicitiam

246 2414 349 2456 onmes
372 2395 568 2456 arbitrantur:
602 2396 817 2475 adrersnmcpre
839 2396 910 2456 nibil
933 2399 1027 2475 potuit
1049 2398 1221 2474 irnpetrarc;
1256 2399 1326 2476 quin
1348 2400 1435 2457 etiam
1450 2397 1543 2457 Fran-

225 2501 327 2558 ocisco
349 2500 418 2576 ipsi,
449 2499 498 2575 qni
521 2515 600 2557 none
622 2497 711 2574 pollet
733 2498 811 2576 apud
834 2516 951 2574 regern,
981 2500 1042 2578 ipso
1071 2517 1123 2558 rex
1151 2498 1297 2578 pollicitus
1325 2505 1369 2559 est
1394 2517 1453 2559 non
1475 2516 1542 2576 pas·

237 2619 351 2679 „surum
379 2618 411 2659 so
440 2599 600 2658 inauditum
629 2617 676 2658 rne
703 2599 850 2675 incognita
880 2618 968 2659 causa
991 2599 1036 2658 rel
1064 2601 1186 2659 indicari
1208 2599 1254 2659 rel
1276 2601 1410 2679 opprimi.
1457 2599 1541 2670 Quod
1552 2604 1597 2654 §.³-

249 2700 333 2781 quale
356 2702 393 2760 sit
415 2700 546 2760 inunum
569 2699 741 2761 ridebimus,
787 2703 923 2778 proximo
946 2709 1091 2762 conventu
1118 2703 1167 2780 qni
1191 2701 1368 2760 l'ormatiam
1396 2701 1542 2768 indicitur,

249 2805 438 2880 experiemur
466 2801 560 2880 qualis
588 2802 711 2881 quisquo
740 2810 769 2861 ct
790 2821 878 2882 qnam
899 2809 1019 2862 tueatur
1041 2804 1229 2863 sententiam:
1263 2820 1331 2862 nam
1355 2808 1426 2861 tuno
1448 2820 1543 2862 emm·-

248 2913 319 2981 gent
342 2921 416 2982 cinos
438 2903 615 2963 Franciscns
637 2903 798 2964 arbitratur
821 2923 885 2965 esse
907 2904 1076 2982 complures
1092 2906 1142 2982 qui
1162 2923 1216 2964 nos
1231 2906 1350 2964 vincere
1366 2901 1467 2971 veiint,
1491 2903 1541 2962 ali·

228 3022 325 3084 annos
347 3007 397 3083 qui
420 3012 448 3065 et
470 3006 524 3082 ipsi
546 3006 640 3081 parati
661 3006 720 3065 sint
740 3022 883 3083 pugnare.
929 3006 1133 3067 Fordinandus
1155 3007 1260 3067 dicitur
1281 3007 1406 3067 lustriae
1432 3023 1486 3064 rex
1515 3011 1570 3064 cti.
1579 3017 1599 3060 ⁴.

249 3127 372 3168 uxorem
395 3109 483 3168 clucet
506 3107 654 3182 Ungaram
675 3106 803 3186 puellam
826 3109 901 3184 regii
924 3104 1050 3184 generis.
1092 3107 1157 3185 lpse
1174 3107 1295 3167 Carolus
1317 3107 1452 3186 proximo
1473 3124 1542 3165 rere

249 3216 414 3269 revertetur
435 3210 465 3267 in
488 3207 650 3285 Hispanias
696 3208 737 3268 [ie
760 3208 843 3271 Gallo
866 3217 894 3270 et
916 3209 1053 3270 Helvetiis
1080 3210 1188 3269 mirum
1217 3215 1261 3268 est
1281 3208 1437 3269 silentium.
1482 3205 1600 3266 lla-ia.

249 3313 328 3371 ximo
351 3328 418 3369 cnm
442 3309 543 3370 dolore
566 3309 762 3387 plurimorum
785 3313 880 3370 omnis
902 3313 1021 3387 generis
1043 3316 1072 3371 et
1094 3311 1205 3370 ordinis
1233 3310 1386 3370 bominum
1406 3317 1546 3397 arserunt

251 3411 380 3472 Coloniae
395 3403 590 3479 Lntbcriana,
614 3418 727 3471 tantum
749 3411 921 3472 sacrificulis
936 3413 1111 3491 quibasdam
1134 3414 1232 3474 arrisit
1253 3413 1413 3489 negotium.
1450 3415 1545 3476 bodio
1627 3404 1631 3409 ¹

225 3515 289 3574 coita
319 3514 508 3591 pertinaciter
536 3512 634 3573 lavoro
657 3513 788 3573 Lutboro
816 3534 852 3573 cx
875 3512 1023 3575 nobilibus
1046 3514 1204 3593 quosdam,
1234 3520 1266 3575 ut
1287 3515 1463 3577 Francisons
1485 3519 1545 3578 cxi-

250 3619 347 3677 stimet
370 3617 405 3684 ad
429 3615 602 3675 seditionem
626 3616 730 3674 eximie
752 3614 949 3693 periculosam
972 3633 1178 3694 processuram
1196 3635 1260 3677 rem
1276 3635 1355 3685 esse,
1378 3620 1402 3678 si
1418 3618 1545 3678 Coloniae

250 3719 347 3778 adbuc.
380 3716 483 3776 luisset
510 3715 700 3775 Fridcriobus
727 3715 820 3775 Saxo:
858 3734 927 3775 nam
961 3715 1048 3793 paolo
1081 3723 1148 3776 anto
1181 3717 1302 3778 abierat.
1348 3718 1598 3797 Expectarnnsiss.

250 3820 407 3895 blognntire
435 3817 505 3895 quid
533 3819 597 3884 liat,
635 3836 705 3876 nam
733 3822 762 3876 et
791 3815 829 3875 ibi
858 3816 1013 3876 tentalrnnt
1045 3818 1212 3878 adversarii.
1257 3818 1420 3879 Lutbcrnm
1449 3820 1543 3882 audiri

250 3920 337 3981 bodie
366 3920 465 3979 nescio
494 3919 563 3997 qnid
593 3920 738 3986 emisisse,
769 3935 827 3996 qno
856 3917 987 3978 Leonem
1008 3918 1043 3977 X.
1072 3921 1307 3979 excommunicet
1334 3927 1363 3980 et
1389 3921 1544 3982 anathema

225 4021 347 4081 esiaciat.
400 4021 530 4098 Capnion
564 4019 731 4098 appellarit,
770 4037 858 4097 quem
890 4018 1066 4080 Franciscns
1100 4021 1230 4081 tuebitur
1266 4022 1360 4082 modis
1396 4022 1599 4084 omnibusne

249 4122 457 4199 llogostratnm
487 4128 621 4180 orantem
649 4121 783 4196 legimns.
833 4120 916 4180 linlla
946 4123 1063 4198 expedit
1090 4142 1121 4182 se
1149 4129 1179 4183 et
1206 4125 1335 4183 excrevit
1359 4124 1430 4184 mibi
1451 4126 1544 4201 inopi·

249 4225 331 4283 nanti
353 4224 381 4282 in
404 4222 535 4298 longum.
582 4224 611 4283 si
634 4240 693 4282 non
719 4223 822 4282 misisti
845 4222 1023 4283 Vormatiam
1050 4222 1142 4283 libros
1172 4222 1337 4300 colligatos,
1366 4227 1447 4284 mitte
1475 4232 1602 4303 pro-§.⁸-

250 4343 331 4402 pcre.
376 4323 427 4383 ibit
451 4324 486 4383 ad
511 4330 553 4391 te,
584 4325 799 4406 quamprimum
826 4341 965 4384 reversus
987 4323 1089 4392 luerit,
1120 4343 1195 4402 puer
1222 4326 1395 4404 bibliopola,
1419 4335 1447 4387 et
1469 4327 1545 4388 iorte
1629 4392 1634 4400 ,

250 4426 323 4486 alios
352 4425 465 4485 adseret
493 4425 592 4484 itidem
619 4426 866 4504 compingendos,
899 4426 952 4487 ubi
980 4445 1050 4487 cura
1085 4433 1116 4487 ut
1145 4428 1329 4489 nitidinscole
1358 4429 1546 4508 adparcntur.

225 4526 357 4588 oLilnos
380 4526 415 4586 da
439 4527 476 4586 ad
499 4526 660 4595 'liloninnn
694 4529 746 4588 sed
770 4529 880 4588 utinam
902 4530 960 4589 ianr
984 4529 1115 4597 dederis,
1139 4548 1208 4589 nam
1230 4531 1312 4589 mitto
1335 4549 1414 4590 nuno
1436 4533 1500 4609 qni,
1524 4533 1549 4592 si

250 4729 334 4779 0011.
360 4728 371 4778 1
392 4749 426 4773 =
438 4729 560 4779 Riihrieb
579 4729 649 4788 (lud.
663 4730 731 4780 bibl.
746 4747 771 4780 n.
785 4730 839 4793 85.)
857 4749 882 4797 p.
896 4724 1037 4780 6⁸20..'.b22.
1052 4746 1078 4779 n.
1086 4746 1118 4779 11.
1133 4746 1167 4779 ex
1179 4730 1275 4780 orchia
1288 4731 1356 4780 ecel.
1371 4732 1547 4794 argentorat.

318 4866 330 4897 ⁷
347 4866 462 4915 Rectius
482 4882 563 4931 quam
582 4867 732 4933 Siclringus
749 4867 888 4916 Lutherus
909 4868 936 4915 in
954 4882 1037 4931 praec.
1052 4867 1132 4929 epist.
1147 4871 1299 4930 auguratus
1318 4871 1369 4916 est.
1433 4865 1444 4897 ⁹
1463 4868 1548 4932 impe·

251 4949 357 5017 trare]?
376 4952 521 5016 impetrari
580 4950 600 4983 ¹⁰
619 4949 722 5016 regem]
743 4950 872 4999 Carolum
890 4951 923 4999 V.
983 4947 1000 4980 ¹¹
1021 4951 1076 4999 ine.
1091 4947 1126 5014 c.]
1146 4950 1207 4999 sine
1227 4965 1321 5000 cauare
1340 4952 1510 5017 cognitione,
1529 4954 1547 5001 i.

251 5052 277 5085 e.
297 5036 325 5084 in
343 5036 448 5085 iudicio
467 5052 521 5086 non
541 5038 664 5086 auditum
684 5035 922 5098 indefensamque.
994 5032 1015 5064 ¹⁵
1033 5031 1164 5098 diciturl'?
1183 5034 1291 5083 dicetur
1370 5032 1393 5068 ²⁸
1412 5034 1547 5101 emisisse]

250 5119 364 5169 libellus
385 5120 531 5170 ‘Adversus
551 5120 737 5170 execrabilem
755 5117 922 5167 antichristi
940 5116 1063 5180 bollane,
1083 5119 1198 5168 ineunte
1210 5120 1292 5183 Nom,
1313 5120 1480 5170 Germanico
1493 5119 1548 5173 ibib

252 5206 293 5257 brt
312 5203 350 5256 bic
364 5204 457 5257 briaen
477 5205 520 5257 ΜΒ
533 5204 685 5269 (lnbtdat'tild
704 5208 824 5253 exeunte
841 5203 901 5252 eod.
921 5219 1015 5253 menae
1034 5203 1192 5268 publicatus
1206 5210 1257 5252 est.
1309 5203 1331 5236 ¹⁶
1348 5206 1479 5271 Hogostr.
1493 5202 1547 5271 om]

251 5289 342 5339 Huius
366 5286 486 5352 dialogi„
516 5290 562 5353 qui
585 5288 797 5338 Huttenicorum
826 5287 984 5337 simillimus
1007 5288 1187 5338 Bnrelrhardo
1216 5289 1292 5337 visua
1317 5294 1374 5351 est,
1398 5289 1447 5338 sed
1469 5291 1549 5339 cuins

254 5378 352 5422 auctor
370 5373 508 5434 nescitur,
528 5374 608 5438 plura
627 5374 722 5423 eodem
742 5372 800 5419 iere
819 5376 944 5437 tempore
962 5373 1108 5439 publicata
1126 5376 1191 5421 sunt
1203 5373 1337 5437 exempla.
1369 5373 1412 5424 cf.
1426 5374 1500 5423 infra
1513 5376 1549 5424 ad

254 5468 401 5507 mccxxn.
454 5456 545 5521 Bulla]
559 5458 663 5507 Leonis
676 5458 709 5506 X.
729 5461 826 5506 contra
843 5456 1010 5519 liutherum,
1029 5458 1065 5507 ab
1078 5458 1203 5507 llntteno
1216 5457 1358 5508 adnotata.
1412 5456 1548 5525 excreuit]
1615 5487 1619 5498 ι

254 5544 367 5594 exacuit
381 5545 405 5590 1.
442 5540 465 5574 ³⁰
482 5539 649 5607 Tiloninml?
668 5542 800 5592 Fortasse
814 5541 1004 5592 'rneobatdum
1017 5542 1130 5592 Pettich
1148 5542 1285 5594 medicum
1303 5543 1376 5606 vult,
1396 5543 1430 5593 de
1449 5559 1502 5609 qno
1519 5546 1549 5596 iu
