3625 7050
235 1228 360 1280 CLXVI.
386 1232 791 1279 erstantununanamsr.
829 1227 963 1278 CLXVII.
988 1242 1396 1278 nvsr.n1aaa1s1neamr.ar.
1459 1215 1532 1287 349

237 1413 342 1459 meros,
363 1400 416 1447 iste
436 1397 542 1461 estqui
562 1398 667 1446 excitat
685 1411 817 1445 summum
835 1395 994 1460 pontificem
1013 1401 1044 1444 nt
1061 1396 1174 1462 vigilet,
1201 1397 1253 1446 iste
1278 1398 1324 1462 qui
1347 1398 1414 1446 nihil
1441 1400 1531 1464 docet,

237 1483 292 1532 nisi
306 1481 378 1547 quod
392 1481 502 1540 didicit;
522 1481 575 1530 iste
590 1486 633 1530 est
646 1481 691 1544 qui
703 1479 773 1529 nihil
787 1478 901 1543 evulgat
919 1481 973 1529 nisi
987 1480 1058 1544 quod
1071 1482 1146 1545 prius
1160 1482 1250 1531 milies
1262 1480 1403 1544 olfecerit,
1423 1485 1477 1533 iste
1492 1491 1535 1535 est

239 1568 286 1630 qui
305 1565 433 1615 omnibus
450 1566 600 1615 virtutibus
620 1569 648 1614 et
674 1565 872 1613 transformato
899 1565 927 1612 in
954 1564 1034 1612 deum
1057 1565 1158 1628 spiritu
1181 1565 1293 1614 aceedit
1316 1567 1350 1615 ad
1373 1569 1535 1618 tractandas

239 1665 337 1700 sacras
355 1649 466 1710 literas,
485 1651 540 1699 iste
561 1649 668 1713 estqui
687 1663 717 1697 se
736 1647 897 1698 dicitvelle
917 1648 1012 1713 lugere
1036 1648 1151 1698 fratrem
1174 1650 1372 1712 insanientem,
1400 1653 1454 1701 uisi
1478 1658 1534 1702 tam

227 1735 348 1810 dqsanis
366 1734 594 1784 annotationibus
612 1732 820 1797 obtemperarit.
858 1733 985 1782 Demiror
1003 1734 1146 1783 Erasmnm
1164 1735 1188 1782 si
1206 1734 1270 1783 hnic
1282 1742 1410 1798 portento
1423 1752 1533 1800 respon-

239 1819 320 1869 deat:
340 1834 404 1868 nam
422 1819 450 1867 id
469 1819 547 1868 aiunt
565 1816 641 1866 illum
659 1816 768 1866 faeere:
794 1833 845 1881 ego
869 1832 923 1865 non
942 1818 1073 1882 dignarer
1091 1816 1215 1867 rabulam
1232 1817 1285 1867 hoc
1303 1819 1414 1869 honore.
1450 1821 1536 1870 Liber

240 1903 293 1953 huc
313 1902 416 1952 allatus
434 1903 537 1951 nemini
555 1917 609 1951 non
627 1900 784 1966 displicuit,
810 1902 934 1966 exceptis
959 1902 1014 1951 illis
1038 1902 1136 1966 quibus
1160 1901 1230 1951 nihil
1254 1902 1330 1953 aliud
1352 1905 1459 1970 placet,
1489 1907 1534 1954 vix

241 1988 327 2036 etiam
346 1986 453 2035 duabus
472 1986 553 2035 lectis
572 1986 691 2051 paginis.
729 1988 817 2036 Deum
837 1987 1029 2047 immortalem,
1050 2002 1110 2051 quae
1129 1989 1254 2049 vanitas,
1276 2004 1335 2053 quoe
1355 1989 1533 2053 impudentia,

241 2086 302 2136 qnae
325 2070 490 2129 virulentia,
517 2085 578 2134 quae
603 2069 725 2131 technae,
752 2071 798 2133 qni
822 2069 893 2119 luci!
924 2070 995 2119 Illud
1019 2072 1172 2136 indignius,
1202 2073 1273 2136 quod
1297 2074 1426 2138 quicquid
1451 2074 1536 2124 habet

226 2155 368 2215 >sarcilem
388 2159 529 2204 mutuatur
548 2169 562 2203 a
581 2153 660 2202 libris
677 2154 801 2202 Erasmi:
822 2154 857 2202 ab
877 2153 925 2203 illo
943 2155 1038 2220 spinas
1057 2157 1145 2205 assuit
1163 2156 1217 2205 sibi
1235 2157 1334 2220 quibus
1352 2159 1380 2206 in
1400 2158 1475 2207 illum
1495 2160 1535 2206 in·

240 2239 349 2305 pingat.
382 2239 507 2288 ethome
526 2241 588 2303 ipsa
606 2238 806 2303 ingratitudine
826 2238 962 2302 ingratior
979 2240 1123 2288 Erasmum
1141 2245 1224 2290 vocat
1242 2242 1398 2291 mortalium
1417 2245 1535 2292 omnium

242 2324 470 2390 ingratissimum.
507 2323 579 2384 Quid
598 2326 654 2383 est,
679 2323 703 2371 si
722 2322 781 2371 haec
800 2323 912 2371 insania
931 2338 984 2372 non
1004 2325 1064 2372 est?
1088 2329 1130 2372 est
1149 2325 1283 2389 quoddam
1304 2327 1419 2375 insanire
1437 2343 1534 2392 genus,

242 2409 368 2473 quesibi
389 2408 500 2472 quidam
519 2422 602 2472 supra
620 2407 727 2456 modum
746 2405 910 2471 displicent:
931 2411 959 2456 ct
978 2408 1061 2455 audio
1079 2408 1199 2457 Lovanii
1218 2409 1376 2474 theologum
1400 2412 1536 2475 quendam

241 2492 295 2542 hoc
313 2491 386 2540 malo
405 2490 546 2540 laborare:
575 2495 605 2539 at
624 2491 698 2540 Lens
716 2506 771 2540 non
789 2492 878 2540 minus
904 2492 1020 2550 insanit,
1051 2493 1096 2555 qui
1120 2493 1173 2542 sibi
1197 2508 1279 2558 snpra
1303 2495 1409 2543 modum
1434 2495 1535 2560 placet.

226 2576 375 2626 sNullosae
396 2576 482 2625 luisse
501 2576 598 2625 doctos
617 2591 649 2624 ae
673 2576 822 2638 prudentes
846 2576 950 2625 amieos
974 2576 1019 2639 qui
1047 2576 1183 2625 hominem
1207 2578 1260 2626 ista
1284 2578 1442 2627 molientem
1466 2595 1537 2627 eom·

241 2667 391 2727 pescerent
408 2658 452 2710 vel
473 2660 595 2708 elleboro
614 2660 678 2708 dato
698 2659 742 2708 vel
762 2660 875 2708 iniectis
894 2659 1034 2708 vinculis?
1056 2661 1111 2709 Sed
1128 2661 1258 2711 stultulus
1278 2663 1312 2711 ad
1336 2663 1453 2711 mendax
1476 2677 1536 2727 spe·

242 2746 335 2796 culum
353 2746 466 2809 scripsit
484 2746 594 2808 opinor:
619 2744 677 2794 illie
701 2744 736 2792 ad
761 2744 871 2808 singula
894 2746 1018 2792 suaviter
1036 2746 1130 2794 arrisit
1153 2752 1181 2795 et
1198 2746 1253 2795 sibi
1272 2748 1432 2796 existimans
1452 2747 1537 2796 talem

242 2833 302 2882 lore
322 2830 428 2881 vultum
446 2829 580 2878 lectorum
598 2829 731 2890 oninium,
753 2828 860 2892 qualem
879 2828 994 2876 videbat
1013 2830 1041 2877 in
1059 2829 1181 2894 speculo.
1218 2832 1272 2892 Qui
1291 2812 1347 2881 dam
1367 2832 1537 2882 amarulenta

242 2930 327 2966 ausus
347 2920 389 2964 cst
408 2915 543 2980 impetere
562 2913 651 2962 virum
670 2913 714 2961 cui
733 2912 878 2976 plurimum
897 2912 1018 2961 debeant
1037 2919 1066 2962 et
1083 2915 1162 2963 bonoe
1182 2929 1249 2978 qaas
1272 2921 1373 2965 vocant
1398 2923 1426 2965 et
1450 2932 1537 2966 sacras

226 2999 350 3061 tliterae,
379 3015 441 3048 mea
465 2997 606 3047 sententia
629 2997 728 3061 dignus
753 3002 795 3046 est
812 2998 841 3046 in
860 3011 938 3060 quern
959 2998 1118 3062 conspirent
1135 3014 1229 3048 omnes
1253 3000 1352 3064 quibus
1376 3002 1451 3051 cordi
1475 3008 1538 3051 sunt

242 3087 350 3149 optima
368 3083 474 3145 studia,
495 3096 575 3146 quern
594 3080 667 3130 stilis
686 3081 743 3130 suis
762 3081 924 3130 confodiant
942 3087 973 3129 ut
996 3082 1134 3131 rabiosam
1152 3083 1313 3144 bestiolam,
1340 3086 1374 3134 ad
1399 3089 1477 3167 cuiqe
1495 3102 1537 3135 se·

242 3167 389 3234 pulchrum
406 3167 521 3216 veniant
544 3167 657 3214 mictum
681 3170 764 3228 atque
789 3171 918 3214 cacatum
943 3181 1036 3215 omnes
1060 3167 1182 3217 melioris
1206 3167 1358 3218 literaturae
1386 3172 1537 3220 candidati.

242 3255 305 3318 Ego
324 3256 400 3302 certa
420 3251 531 3300 adnitar
549 3266 598 3314 pro
616 3249 734 3309 viribus,
756 3253 785 3297 ut
803 3251 832 3298 ni
850 3255 957 3298 mature
977 3252 1125 3315 resipiscat
1148 3253 1237 3313 Lens,
1264 3269 1363 3303 nomen
1386 3254 1463 3304 illius
1482 3239 1537 3304 t'am

243 3338 364 3387 invisum
389 3335 500 3384 reddam
524 3335 643 3400 posteris
662 3349 742 3397 quam
767 3333 821 3382 fuit
844 3349 962 3398 unquam
980 3334 1089 3384 Vatinii
1112 3341 1161 3384 aut
1177 3336 1343 3388 Phalaridis.
1384 3340 1443 3388 Iam
1466 3356 1538 3390 nunc

225 3422 325 3488 spueri
345 3422 399 3470 mei
417 3419 543 3469 versibus
562 3418 669 3482 aliquot
688 3418 812 3467 luserunt
830 3419 858 3467 in
878 3434 945 3483 opus
968 3418 1180 3468 insulsissimum
1199 3423 1250 3470 liei
1259 3459 1459 3474 ..............
1464 3418 1467 3422 ’
1469 3462 1537 3474 ,,,,,

243 3544 359 3557 ........
368 3505 434 3555 'Vos
451 3505 476 3554 si
494 3520 560 3555 vere
579 3502 710 3553 Germani
730 3504 810 3564 estis,
831 3518 885 3554 non
904 3486 1003 3553 sinetis
1022 3503 1139 3554 hominis
1158 3505 1342 3570 petulantiam
1362 3510 1536 3574 impunitam,

243 3590 376 3656 quicquid
394 3590 428 3638 de
447 3589 495 3638 illo
513 3589 644 3639 statuerit
662 3589 805 3647 Erasmus,
826 3589 870 3636 eui
889 3604 964 3654 saepe
982 3591 1077 3638 nocuit
1095 3604 1146 3638 sua
1163 3589 1273 3640 levitas.

700 3837 1072 3854 .———-—————

262 4131 426 4167 ΙΟΟΠΤῙΕ.
666 4166 669 4171 ,
800 4095 993 4171 CLXVII·
1340 4126 1374 4166 Ἡ.
1389 4132 1448 4167 MAI.
1462 4094 1522 4167 letti

638 4284 897 4345 HVLDElllCllVS
927 4285 976 4345 DE
999 4285 1150 4346 HVTTEN

603 4389 728 4446 LlBElllS
770 4390 802 4445 ΙΝ
839 4390 1007 4453 asadada
1045 4391 1186 4447 ounfflvs

813 4491 971 4532 sanvusu.

333 4604 436 4665 Adhuc
458 4604 529 4664 nihil
552 4612 696 4664 cessatum
718 4605 804 4665 nobis
826 4613 870 4666 est
892 4606 929 4665 ab
953 4625 987 4666 eo
1010 4606 1070 4673 die,
1094 4625 1152 4685 quo
1174 4607 1264 4669 semel
1288 4610 1475 4670 constrictam
1491 4610 1540 4671 diu
1555 4622 1609 4676 ar.

246 4708 303 4768 iam
327 4714 357 4766 et
378 4723 453 4786 pene
475 4707 645 4766 suffocatam
668 4707 793 4766 nationis
821 4706 907 4766 huius
935 4706 1099 4768 libertatem
1127 4716 1267 4786 wantum
1297 4710 1325 4768 in
1349 4709 1433 4769 nobis
1456 4720 1541 4781 esset,

247 4806 363 4868 solvere
385 4813 413 4867 et
435 4813 602 4867 restaurare
624 4808 756 4885 adgressi
779 4826 895 4875 samua,
924 4808 995 4867 dum
1023 4808 1066 4867 vel
1094 4810 1252 4887 qaaerimus
1279 4816 1307 4868 et
1336 4810 1542 4888 investigamus

223 4908 318 4987 aquid
342 4907 452 4986 ubique
473 4907 640 4968 abstrusum
664 4908 807 4968 habeatur
830 4909 1022 4985 antiquitatis,
1046 4908 1125 4985 quod
1147 4909 1216 4970 huic
1238 4916 1339 4969 nostro
1355 4912 1542 4971 commodare

248 5011 341 5087 possit
363 5010 508 5079 instituto,
536 5009 582 5070 vel
604 5010 760 5070 scribimus
782 5012 835 5088 ipsi
859 5017 888 5069 et
910 5010 939 5067 in
962 5008 1058 5070 lucem
1081 5010 1194 5070 edimus
1223 5030 1287 5090 qun
1315 5029 1399 5071 mens
1427 5013 1543 5071 conscia

247 5110 309 5171 veri
331 5108 446 5169 occulta
468 5110 576 5171 diutius
599 5130 663 5171 esse
685 5129 744 5171 non
766 5113 897 5171 sustinet.
943 5112 1008 5183 Quo
1030 5111 1127 5171 studio
1155 5130 1223 5202 epm
1251 5112 1380 5174 secundo
1409 5114 1596 5190 proximem.

247 5295 387 5360 onxvn.
425 5269 892 5361 s=1nur0.uurrogr.n.xx1x.
909 5296 931 5346 1.
1010 5297 1077 5344 a:
1093 5296 1214 5346 aureus.
1237 5298 1272 5346 n.
1294 5313 1320 5361 p.
1333 5296 1441 5346 ansa.
1463 5297 1542 5360 (rurs.

247 5379 329 5443 Η.)
382 5377 954 5447 ³=wagemeitn.mv1.p.att...²lo.
974 5381 1143 5443 (ibidus.)
1201 5381 1353 5430 4=Hutt
1366 5382 1477 5432 Miinch.
1490 5382 1543 5431 111.

719 5463 897 5529 p.561...564.
912 5449 1079 5527 abrasa)
1390 5450 1393 5456 '
