3625 7050
376 1205 491 1254 XXXII.
511 1218 615 1254 senem
629 1218 692 1252 sor.
707 1217 875 1251 russonum
889 1215 1019 1251 uvareno
1033 1216 1185 1251 uniuersas,
1199 1215 1225 1250 Δ.
1238 1211 1299 1252 1516.
1414 1189 1486 1261 103

215 1392 282 1455 quos
303 1375 422 1457 isicem,
449 1372 501 1433 sed
530 1373 607 1434 inter
635 1371 727 1432 libros
754 1371 906 1430 assideam.
952 1370 1017 1431 Non
1044 1370 1113 1432 lieet
1139 1371 1233 1448 plura.
1279 1373 1356 1434 Vale.
1401 1372 1486 1435 Wor-

215 1477 275 1537 alia
296 1475 396 1536 XXIV.
413 1475 565 1544 Octobris,
589 1475 672 1534 Αηηο
695 1471 844 1532 lilexi
910 1541 917 1548 ¹

751 1793 918 1866 XXXII.
1144 1766 1149 1775 Ι
1205 1811 1338 1873 (rnevnru
1352 1814 1465 1867 areleffi

813 1888 832 1920 Ι
1458 1871 1460 1875 ,

1176 1881 1480 1892 ——-..—

572 1968 778 2038 [serenus
798 1967 1099 2025 sorusonnnrs

394 2063 428 2104 tu
440 2062 667 2105 anseranum
672 2062 706 2104 VS
719 2062 755 2103 IN
764 2061 893 2104 Parrum
903 2062 945 2102 AD
962 2051 1283 2117 russsncon'wsnsus]

302 2159 339 2214 Aa
362 2162 392 2213 in
414 2159 479 2212 aliis
501 2158 613 2228 quidem
636 2170 834 2227 saepenumero
858 2156 984 2211 uidemus
1012 2171 1116 2226 maqna
1145 2157 1213 2211 titia
1241 2158 1285 2212 uel
1310 2161 1390 2214 retati
1416 2178 1483 2216 con·

215 2247 294 2300 inari
315 2244 359 2299 uel
380 2244 542 2298 eruditioni.
589 2241 623 2298 In
646 2243 691 2296 bis
713 2242 842 2296 omnibus
864 2257 935 2311 quos
957 2242 1103 2307 recensui,
1132 2242 1196 2296 oitoe
1223 2260 1391 2314 mortemque
1414 2263 1483 2316 pro-

215 2337 260 2385 las
288 2345 353 2385 cum
381 2328 541 2382 eruditione
569 2342 609 2382 eac
637 2343 719 2399 uque
747 2332 848 2381 certat.
900 2325 959 2379 Sed
978 2341 1055 2394 pene
1082 2327 1234 2382 exciderat
1266 2331 1380 2384 cenicum
1414 2332 1486 2385 illud

215 2414 341 2471 'resarum
356 2413 482 2468 delicium
505 2413 656 2468 Vdalriens
672 2411 817 2465 Huttcnus
832 2411 998 2465 adolescens
1012 2417 1039 2465 et
1053 2412 1223 2482 imaqinibus
1237 2415 1344 2469 clariss.
1383 2415 1484 2481 Quuso

215 2501 259 2556 n'd
279 2500 374 2554 Attico
394 2500 486 2569 possit
506 2498 623 2569 qiqnerc
646 2497 699 2552 lioc
721 2513 778 2551 uno
802 2496 845 2550 nel
872 2497 1005 2568 ‹irqadius
1034 2497 1078 2550 uel
1105 2497 1276 2567 stupentium
1310 2500 1379 2569 quid
1405 2501 1486 2554 aliud

215 2600 230 2641 e
255 2601 344 2656 quum
366 2598 463 2638 meras
491 2582 630 2649 Veneres,
660 2599 746 2652 qnam
769 2596 863 2636 meros
891 2581 1004 2650 lepores
1030 2581 1176 2651 loquitur?
1209 2582 1380 2654 Quanquam
1408 2585 1484 2639 berne

215 2685 283 2742 ipen
319 2669 468 2739 complecti
502 2670 586 2738 coepit
624 2669 667 2722 nir
698 2667 912 2721 immortalitate
945 2666 1049 2736 diqrucs
1081 2667 1216 2721 eilbertus
1248 2670 1484 2739 archiepiscopus

215 2755 427 2828 aquatinensis.
483 2751 572 2818 Qrcem
606 2754 715 2807 retinam
749 2752 850 2806 caeteri
881 2765 993 2820 quoque
1023 2752 1174 2821 principes
1205 2759 1316 2808 certent
1342 2757 1482 2808 annulari.

215 2841 270 2896 rod
291 2840 319 2894 si
336 2840 437 2910 fieret,
466 2839 627 2893 rideremus
654 2837 789 2891 nimirum
817 2851 874 2890 uon
902 2836 963 2889 sinc
993 2851 1085 2889 caiisa
1113 2838 1218 2890 dictum
1248 2853 1309 2892 csse
1340 2857 1358 2892 a
1381 2841 1484 2895 ueteris

215 2924 333 2980 moedr'oe
360 2923 550 2993 scriptoribus
576 2915 641 2976 obss
668 2917 721 2991 γὰρ
745 2914 760 2974 ὁ
787 2913 891 2988 μισθὸς
919 2913 1000 2971 οὐδέν
1026 2913 1090 2989 ἐστ’,
1115 2913 1180 2973 οὔθ’
1204 2915 1222 2991 ἡ
1250 2920 1339 2991 τέχνη.
1384 2925 1483 2994 Neque

215 3027 252 3066 ro
281 3010 357 3063 male
383 3013 496 3063 constat
523 3009 598 3063 ratio
627 3009 689 3062 dati
719 3012 747 3061 et
775 3006 887 3075 accepti
906 3005 983 3059 inter
1012 3008 1140 3076 cqreqios
1164 3009 1313 3078 principes
1345 3016 1372 3063 ct
1404 3009 1484 3064 bonis

215 3095 325 3150 oeditos
346 3093 452 3146 literis:
474 3108 541 3147 nam
563 3095 590 3147 si
609 3094 731 3162 cupiunt
751 3096 890 3146 oeternom
913 3091 994 3159 apud
1017 3096 1148 3160 posteros
1165 3090 1292 3163 sanarem,
1321 3096 1398 3165 quod
1418 3096 1483 3149 olim

215 3179 415 3236 deberrimum
438 3183 503 3232 erat
524 3178 681 3249 affectare,
705 3177 781 3232 bane
802 3177 870 3231 soloe
890 3176 1038 3230 doctorum
1061 3176 1204 3231 bominum
1228 3180 1318 3232 literae
1335 3186 1483 3249 praestare

215 3269 310 3320 imunt
334 3263 441 3318 certius
466 3279 501 3315 oc
528 3263 636 3318 nerius-
652 3279 738 3332 quam
768 3262 834 3316 ullae
863 3275 954 3328 ceree,
987 3277 1072 3331 quam
1100 3262 1167 3315 ullae
1187 3264 1370 3334 pyramides,
1397 3281 1483 3334 qnam

215 3351 255 3406 ioe
276 3354 397 3413 statute,
421 3363 506 3417 quam
529 3347 582 3402 aelli
602 3348 676 3402 tituli
698 3353 748 3401 oret
769 3347 886 3404 colossi·
907 3347 934 3400 si
954 3362 1011 3400 non
1032 3348 1167 3417 cupiunt,
1191 3348 1244 3402 boc
1260 3351 1350 3421 maqis
1365 3350 1484 3403 debetur

239 3433 323 3500 iaus,
348 3435 424 3504 quod
444 3449 501 3487 non
524 3433 651 3503 cupiant.
697 3434 741 3487 An
764 3431 918 3487 Maecenati
935 3434 1047 3500 perisse
1069 3433 1164 3486 credis
1192 3424 1313 3503 aqellum
1336 3433 1482 3499 Sabinum,

217 3521 268 3575 ins
290 3516 504 3590 usumfructum
527 3518 644 3573 donauit
667 3517 809 3573 Horatio?
842 3516 906 3571 Non
927 3522 1043 3587 poterat
1063 3517 1158 3587 pluris
1181 3513 1303 3574 uenelbe
1331 3526 1482 3591 quantum-

215 3611 249 3661 el
276 3605 397 3675 diliqens
424 3606 591 3675 ncqotiator.
641 3603 723 3669 (iuml
750 3604 895 3658 innumeri
922 3617 1003 3673 reqes
1030 3602 1168 3659 immensa
1192 3607 1319 3674 pecunia
1345 3623 1430 3675 quam
1453 3607 1483 3659 in

215 3692 310 3747 lossos
331 3694 360 3743 ct
378 3689 547 3761 pyramides
568 3690 762 3756 insumebant,
795 3688 933 3758 consequi
954 3704 1009 3741 nolu
1035 3693 1210 3757 potuerunt,
1243 3690 1296 3744 lroc
1323 3692 1375 3744 istc
1404 3691 1484 3745 breui

215 3872 301 3925 ml.
332 3886 428 3922 uovvu
447 3868 638 3936 rnlitrumentu
662 3886 756 3930 omns,
781 3869 932 3934 diligenter
950 3869 985 3918 ab
1003 3883 1114 3918 uesano
1133 3884 1320 3919 nonenoeane
1337 3867 1341 3933 Ι
1356 3875 1482 3936 recogni-

215 3975 241 4008 m
264 3956 289 4007 it
312 3955 500 4018 emendatum,
573 3950 822 4023 lllllllllllllllllll
846 3969 920 4003 arvo
938 3969 1081 4003 rucuma
1101 3953 1105 4019 Ι
1125 3968 1276 4004 anauniae
1299 3956 1480 4020 ursinam!

215 4059 233 4094 r.
248 4039 315 4105 no)
324 4039 328 4108 Ι
337 4056 393 4091 cvra
411 4056 577 4091 servarem
591 4036 621 4108 ΙΙΙ
632 4035 665 4107 [Η
681 4039 724 4105 [Iu
732 4043 785 4103 fiac
798 4040 858 4090 libri
868 4036 968 4103 leqitnr]
987 4036 1106 4087 Bassleae
1126 4039 1153 4087 in
1172 4039 1278 4088 sedibus
1290 4039 1403 4087 Ioannis
1414 4041 1480 4089 Fro-

215 4125 261 4192 aij
274 4122 550 4190 Hammelburgeuiis
566 4122 570 4190 Ι
585 4123 680 4175 Mense
693 4125 856 4175 Februario.
870 4123 957 4172 Auno.
972 4124 1105 4173 u.1).x.v
1108 4125 1130 4173 1.
1150 4121 1265 4188 [Erasini
1276 4126 1311 4173 ad
1322 4125 1433 4175 Leonem
1446 4125 1480 4175 X.

216 4248 224 4261 .
249 4212 333 4262 dedic.
352 4211 416 4260 data
433 4216 472 4260 est
488 4206 608 4260 Bafileae
627 4226 699 4260 anno
711 4208 869 4261 M.D.xv1,
885 4208 1010 4257 calendis
1028 4206 1198 4275 februariis]
1218 4209 1265 4258 iol.
1284 4209 1480 4276 pngg.555.sq.

215 4296 327 4361 &templa
338 4312 362 4344 a.
371 4293 445 4345 1519.
459 4300 485 4344 et
499 4293 571 4344 1522.
585 4296 696 4344 Hutteni
705 4298 860 4359 praeconium
872 4297 1016 4359 repetentia
1029 4310 1078 4344 non
1091 4297 1245 4345 consedimus.
1266 4297 1329 4345 illud
1340 4298 1365 4344 ia
1376 4311 1482 4361 sequen-

215 4397 250 4431 ιω
262 4378 414 4431 editionibus
426 4378 549 4428 Erasmus
562 4381 617 4442 ipse
630 4385 730 4439 exemit,
742 4386 769 4428 ut
782 4383 856 4428 etiarn
868 4379 970 4444 inOpp.
984 4380 1219 4430 ErasmiBasileae
1234 4396 1259 4430 a.
1268 4379 1342 4430 1540.
1357 4379 1404 4430 iol.
1420 4382 1480 4432 edd.

215 4462 424 4531 m.v1.p.650.,
445 4470 502 4513 item
520 4464 549 4512 in
561 4464 701 4527 Loydensi
721 4464 844 4529 exemplo
861 4471 929 4515 toties
944 4468 1025 4523 locres,
1045 4470 1088 4530 qui
1102 4464 1134 4514 ab
1152 4465 1277 4516 Italorum
1293 4468 1368 4517 insede
1385 4469 1481 4531 incipit,

743 4552 847 4598 ornusus
864 4546 922 4613 est]

251 4683 261 4718 ¹
279 4684 368 4736 ticeni
382 4689 407 4735 e.
494 4684 648 4735 sensnm
664 4700 748 4735 omnes
766 4691 791 4734 u
804 4685 917 4734 surena.
931 4689 1004 4734 eam
1023 4686 1055 4742 (ι.
1068 4666 1096 4748 13.
1106 4685 1220 4750 seseq.)
1239 4685 1311 4735 anno
1324 4688 1482 4736 unxvr.

215 4773 324 4829 *demun
341 4786 392 4836 per
404 4785 533 4827 errorem,
551 4775 579 4819 ut
589 4776 724 4835 sequentes
741 4771 854 4820 Vadiuni
866 4771 1023 4835 Huttenique
1039 4774 1155 4834 epistolar
1174 4774 1238 4819 satis
1251 4773 1394 4819 ostendunt.
1431 4771 1482 4820 Ce-

215 4871 274 4906 rum
292 4853 418 4906 Clericus
435 4856 465 4904 iu
483 4855 733 4919 subscriptionibus
751 4855 873 4905 locorum
893 4861 922 4905 et
939 4856 1043 4904 dieram
1062 4855 1163 4918 ubique
1188 4870 1237 4919 pro
1256 4860 1398 4904 auctorum
1416 4856 1482 4903 seri-

215 4940 269 4991 susi
286 4956 362 4990 more
380 4955 431 4990 suo
443 4941 539 5006 ipsius,
560 4941 606 5005 qui
625 4956 675 5004 per
686 4955 716 4989 se
729 4956 763 4989 ne
781 4941 870 4990 iustas
889 4939 998 5005 quidem
1017 4946 1072 5000 est,
1091 4944 1195 4989 temere
1213 4940 1308 4988 utitur.
1342 4940 1483 4988 Huttenus

215 5024 281 5078 *ocul
292 5025 377 5075 dubio
389 5026 541 5090 scripserat
554 5025 723 5075 ‘ll'ormaliee
742 5026 790 5074 IX.
805 5024 901 5074 Galeri.
914 5024 1047 5074 Novemb.
1062 5040 1133 5073 anno
1146 5026 1182 5074 M.
1189 5024 1287 5073 [LXV.
1622 5035 1638 5066 e

250 5111 262 5143 l
280 5111 425 5161 Recensiti
438 5115 502 5160 sunt
515 5109 741 5161 Guil.Weramus
755 5108 1129 5172 etGuiLMoutioiusAngli,
1145 5106 1481 5174 pontificesNicolausV.,
1549 5101 1551 5106 ’

215 5211 264 5259 us,
284 5195 406 5256 LeoX.,
431 5196 581 5245 Bessarion
600 5200 628 5244 el
643 5195 845 5245 Mediesnsium
864 5194 987 5256 familia,
1013 5209 1046 5243 ex
1071 5192 1160 5244 Gallis
1183 5194 1275 5243 Faber
1299 5191 1482 5256 stapulensis,

215 5280 256 5331 ul.
270 5282 453 5342 Brieonetus,
479 5278 551 5329 Guil.
565 5278 671 5343 Copus,
692 5296 726 5328 ax
742 5271 1119 5339 Germanislao,'St11'rmius,
1134 5278 1204 5327 Phil.
1218 5276 1429 5338 Melanchthon,
1451 5294 1484 5326 ex

215 5366 312 5417 elvetis
330 5364 513 5415 Amorbaehii
532 5364 647 5424 iratres,
668 5366 753 5414 Heur.
775 5363 940 5414 Glareanus.
1032 5361 1194 5425 liene-sou.
1283 5362 1304 5394 ¹⁵
1327 5350 1394 5412 οὔτε
1413 5361 1482 5427 urb]

215 5448 475 5517 astophffllumbil.
494 5449 589 5515 Neque
603 5450 745 5515 praemium
759 5454 802 5500 est
818 5448 916 5509 ullum,
937 5464 1026 5513 neque
1045 5449 1139 5512 magni
1152 5463 1196 5496 ars
1209 5448 1270 5512 ipsa
1283 5446 1322 5496 fit.
1383 5444 1403 5477 ²¹
1415 5448 1484 5497 Μω-

215 5534 500 5598 mstiAetricinsra.
