3625 7050
258 1178 332 1258 308
437 1193 517 1250 CXL.
537 1212 620 1249 csorr
634 1208 802 1250 1111111111
815 1210 932 1249 11111111.
946 1201 1219 1252 recusavissent
1233 1217 1293 1252 ocr.
1308 1205 1370 1253 rso.

201 1387 220 1438 1.
228 1389 246 1435 r.
257 1381 367 1437 serunt,
389 1381 422 1430 ut
442 1375 475 1429 ad
497 1370 648 1447 exemplum
670 1370 779 1446 singula
801 1371 875 1428 fiant.
910 1374 1023 1430 Tractus
1038 1392 1067 1431 es
1083 1375 1115 1430 ad
1136 1376 1261 1431 iuvidiam
1285 1377 1418 1451 imprimis
1440 1382 1584 1450 propt-

258 1460 427 1516 bohemicam
455 1458 616 1531 religionem
643 1466 725 1531 atquo
748 1458 976 1532 approbacionem
999 1459 1120 1515 llussaici
1142 1461 1293 1533 dogmatis:
1324 1462 1444 1517 accusati
1467 1469 1584 1534 poet,

259 1553 286 1601 et
308 1544 449 1618 polioioris
471 1543 620 1599 literaturae
642 1544 772 1604 studiosi,
796 1544 956 1599 nominatim
978 1561 1042 1600 vero
1061 1544 1196 1602 lluttenus
1218 1564 1310 1607 meus,
1332 1547 1412 1603 cuius
1433 1544 1583 1610 carmirQ

259 1630 365 1703 aliquot
391 1629 474 1684 citata
501 1636 566 1683 sunt
595 1628 628 1683 de
657 1628 750 1684 fraude
772 1627 944 1693 Florentium
978 1630 1067 1684 addita
1093 1631 1253 1703 aggravario
1281 1632 1410 1686 instantis
1440 1629 1584 1704 perier-

259 1715 287 1770 in
309 1713 422 1770 ecclesia
445 1713 481 1769 ob
502 1712 645 1785 gliscentia
673 1713 760 1768 indies
791 1714 875 1787 inagis
904 1731 935 1769 ac
964 1715 1050 1787 magis
1078 1732 1146 1769 nova
1168 1716 1256 1771 studia
1280 1716 1373 1771 Graeca
1395 1722 1424 1770 et
1446 1714 1583 1778 Latina

204 1810 250 1860 15.
259 1799 357 1857 deiude
379 1798 477 1854 obnixe
499 1797 652 1853 adrnonitus
676 1815 796 1854 summus
819 1797 957 1872 pontifex,
988 1817 1043 1872 quo
1066 1799 1094 1854 in
1116 1817 1146 1855 re
1168 1798 1322 1873 periculosa
1348 1817 1455 1856 moram
1480 1797 1584 1869 tollq

259 1892 341 1957 atquc
363 1883 444 1938 minis
465 1889 547 1955 cogat
568 1882 669 1938 scolam
691 1882 870 1938 Parisicnsem
899 1891 982 1956 atque
1010 1893 1133 1939 nostram
1155 1884 1356 1940 Erll'urdensem
1379 1884 1412 1939 ad
1437 1900 1584 1958 prono,

259 1968 407 2025 ciacionem
429 1967 591 2023 sentenciae:
627 1968 694 2040 quin
716 1967 740 2022 si
762 1967 826 2022 velit
848 1985 951 2023 moram
976 1968 1097 2031 tralrero,
1120 1986 1207 2042 prope
1229 1969 1300 2025 diem
1322 1970 1465 2025 amitteret
1488 1967 1584 2044 rt-

261 2054 390 2126 riugiam,
414 2052 550 2108 liissniam
573 2060 602 2107 et
622 2052 780 2114 biarchiam,
811 2069 928 2126 meaque
949 2052 1046 2109 deinde
1069 2053 1135 2108 alias
1157 2055 1298 2126 regiones,
1322 2070 1440 2127 quarum
1463 2069 1518 2125 pop
1582 2094 1583 2099 .

204 2139 351 2197 §.tanimo
373 2137 541 2212 pedibusque
564 2137 592 2192 11
614 2143 689 2192 tuam
710 2137 865 2193 haereticam
888 2139 1069 2199 sentenciam,
1097 2145 1129 2193 ut
1152 2147 1242 2200 vocat,
1265 2145 1337 2193 eant.
1383 2138 1480 2192 Cetera
1502 2152 1583 2214 ιχ

261 2223 377 2279 servavit
404 2222 537 2283 medicus,
573 2231 600 2278 et
628 2239 681 2294 ego
709 2223 802 2294 ignota
829 2239 886 2277 non
914 2239 1027 2295 possum
1053 2239 1209 2278 recensere:
1243 2230 1273 2278 tu
1306 2240 1338 2277 ex
1375 2221 1430 2277 illis
1461 2220 1512 2275 sim
1547 2236 1584 2301 ἦ

262 2308 380 2364 indicato
401 2315 483 2380 atque
498 2323 555 2361 rem
574 2307 673 2380 ipsam,
697 2306 825 2379 quonium
849 2323 902 2361 raon
927 2316 968 2360 cst
991 2325 1086 2381 parva,
1110 2308 1171 2362 imis
1194 2306 1318 2363 sensibus
1342 2306 1485 2380 reponite,
1524 2336 1583 2385 Q

205 2401 321 2451 §.atace
349 2394 376 2448 ni
404 2391 471 2447 velis
500 2407 543 2446 mc
570 2408 632 2446 cum
661 2391 765 2446 medico
790 2391 914 2463 perdere.
960 2392 1068 2464 quando
1091 2392 1124 2446 ad
1146 2409 1312 2447 vernorum
1336 2392 1365 2446 in
1387 2390 1510 2445 German
1520 2397 1584 2472 ἰΜ

262 2477 382 2539 rediero,
411 2476 528 2532 medium
549 2476 665 2548 digitum
688 2476 828 2530 ostendam
857 2475 1098 2549 pseudoapostolis
1122 2477 1168 2550 qui
1190 2493 1241 2531 nos
1262 2477 1395 2531 devorant
1418 2481 1446 2530 et
1468 2474 1492 2527 in
1544 2492 1577 2549 ἡ,

206 2569 250 2619 §.a
261 2562 329 2618 ciem
343 2561 464 2618 caedunt:
487 2560 530 2616 hic
544 2560 742 2615 connivendum
758 2568 808 2615 est.
853 2560 970 2616 lleclrins
991 2561 1126 2634 principio
1141 2578 1192 2634 pro
1214 2562 1338 2617 mercede
1359 2558 1581 2632 disputaciong,

189 2653 236 2714 sot.
252 2639 332 2724 tlh}
360 2646 442 2720 peciit
467 2645 655 2716 magistratum
675 2643 680 2716 l
700 2646 834 2700 baereticae
858 2645 1046 2718 inquisicionis
1075 2646 1102 2700 in
1131 2645 1318 2701 iurisdictione
1348 2646 1429 2699 trium
1451 2643 1557 2715 spinea

262 2749 374 2806 porum;
404 2747 475 2785 nunc
496 2737 599 2784 mutua
621 2729 678 2784 vice
703 2730 859 2804 parochiam
880 2729 1122 2802 lngelstadiensern
1144 2728 1242 2791 ambit,
1264 2730 1313 2785 sed
1336 2730 1364 2784 in
1387 2728 1474 2784 eadem
1498 2737 1548 2804 epi-

260 2816 335 2873 stola
357 2815 475 2889 graviter
497 2813 589 2888 culpat
610 2812 767 2869 Pontificem
798 2814 870 2887 quod
898 2832 953 2870 non
981 2815 1089 2870 ‹lanruat
1117 2815 1255 2869 cuiusdam
1281 2815 1323 2869 ius
1347 2814 1373 2868 in
1396 2813 1484 2869 eadem
1502 2830 1542 2885 pa-

254 2901 355 2967 ,rochia
378 2916 428 2972 pro
452 2915 494 2957 se.
518 2899 565 2971 qui
587 2916 638 2972 pru
662 2898 774 2954 ecclesia
797 2906 872 2954 tanta
894 2899 1006 2973 patitur.
1038 2898 1133 2954 Salvam
1156 2900 1192 2954 sit
1206 2897 1417 2955 Carolostadius.
1447 2896 1534 2967 llaptin

263 2985 390 3040 Bononiae
410 2983 455 3038 ‘die
476 2966 523 3049 11].
1537 2990 1555 3025 ²

205 3075 251 3125 11.
346 3069 411 3123 Dum
434 3068 476 3123 his
497 3067 593 3123 dicbus
610 3066 720 3123 lihomae
743 3061 844 3129 iissem,
869 3068 978 3124 interim
1002 3068 1093 3123 nescio
1117 3085 1172 3140 quo
1195 3067 1251 3124 lato
1275 3067 1327 3121 lurc
1349 3063 1474 3121 concessit
1490 3060 1528 3113 Sil·

261 3155 373 3216 vestris,
398 3161 460 3208 tuus
484 3151 625 3215 Silvester,
648 3169 708 3208 cum
733 3153 789 3207 suis
815 3149 924 3208 faceciis
953 3161 981 3208 et
1002 3170 1087 3208 aeneo
1108 3169 1190 3215 naso,
1219 3152 1265 3224 qui
1290 3149 1419 3206 iratribus
1439 3144 1527 3201 bomini·

261 3240 337 3297 cistis
359 3236 494 3312 prolixum
517 3244 613 3292 contra
635 3244 662 3292 te
686 3236 784 3293 librum
807 3236 939 3299 ostendit,
956 3224 1018 3293 'non
1035 3237 1163 3293 Thomam
1186 3237 1233 3291 sed
1255 3236 1381 3290 Christos
1402 3242 1428 3288 et
1445 3227 1525 3285 Paulos.

262 3333 330 3399 puto
353 3323 483 3378 Chrestos
506 3329 533 3376 et
554 3320 643 3377 Palos.
687 3322 769 3377 Recte
791 3339 842 3395 pro
866 3339 899 3377 eo
921 3330 1050 3395 precatus
1079 3340 1108 3377 es
1131 3339 1165 3377 ne
1187 3321 1313 3376 alrortnm
1337 3319 1428 3392 iaciat:
1456 3318 1524 3385 repete

262 3407 447 3483 procationem
469 3415 497 3462 et
519 3407 645 3462 lucinam
669 3405 775 3462 invoca:
811 3413 896 3461 tumet
920 3416 1013 3462 veriter
1041 3415 1069 3462 et
1097 3407 1234 3480 prominet
1260 3421 1360 3477 magno
1390 3399 1475 3457 indicio
1489 3392 1546 3449 ali²⁸

263 3493 341 3550 cuins
370 3490 519 3549 nieustrosi
547 3498 652 3566 partus
696 3491 719 3546 si
747 3490 849 3565 placet,
880 3508 941 3547 nior
970 3500 1035 3566 post
1061 3499 1170 3565 partum
1196 3498 1339 3564 portemus
1366 3488 1397 3543 ad
1422 3490 1524 3541 artene
1580 3482 1583 3491 '

195 3590 255 3641 111.
267 3578 368 3635 insulas
395 3586 442 3633 out
470 3594 521 3651 pro
548 3575 609 3632 loco
638 3575 823 3648 relinquamus
852 3577 879 3631 in
908 3577 997 3632 medio
1027 3576 1173 3632 bominum.
1218 3576 1313 3630 blirum
1336 3590 1414 3647 qnam
1439 3564 1523 3642 gestiant

264 3663 352 3719 videre
375 3680 443 3718 nova
466 3660 640 3716 fundamenta
662 3661 696 3715 ds
718 3660 832 3716 ecclesia
854 3661 1010 3723 esscnciali,
1034 3659 1155 3722 virtuali,
1178 3659 1414 3733 repraesentativa,
1434 3649 1523 3739 accidit

264 3749 326 3812 tali,
354 3745 483 3803 nominali
512 3753 541 3801 ct
567 3744 739 3819 participiali.
784 3745 848 3819 quid
875 3746 948 3801 enim
976 3745 1056 3801 aliter
1083 3752 1178 3803 venter
1204 3744 1331 3817 turgidus
1354 3759 1430 3817 qnam
1454 3729 1523 3792 simbt

331 3995 493 4048 ²Hassiaci
506 3999 532 4046 2.
566 3994 681 4045 Hussici
698 3994 866 4044 cHussiaci
884 3997 1020 4058 scripserit
1041 3996 1139 4046 Oratae.
1175 3992 1228 4044 ³et
1240 4000 1311 4045 01111.
1326 3997 1352 4043 2.
1392 3980 1522 4042 numenei·

265 4080 399 4147 carmina]
418 4082 627 4147 Epigrammata
646 4079 681 4128 ad
699 4079 788 4143 ipsum
801 4079 913 4129 Crotum
931 4080 965 4129 de
984 4085 1060 4129 statu
1072 4080 1195 4129 Romano
1209 4095 1244 4129 ox
1262 4079 1331 4129 urbe
1344 4079 1426 4128 missa
1438 4063 1524 4124 indicati

264 4173 340 4234 puto,
361 4182 421 4232 quae
441 4168 469 4215 in
487 4164 612 4229 exemplo
623 4166 786 4229 Augustono
805 4164 919 4213 ineunte
933 4180 957 4213 a.
974 4163 1046 4214 1519.
1060 4165 1228 4229 prodierant.
1274 4161 1285 4194 ⁵
1303 4181 1337 4213 cc
1350 4163 1436 4227 magis
1451 4152 1522 4209 cnud·

265 4252 422 4315 ‘Denique
442 4251 521 4300 enixe
534 4253 559 4298 2.
612 4247 876 4297 'effuruiensema
929 4247 1073 4313 8trahere]
1087 4249 1190 4299 habere
1203 4253 1229 4299 2.
1283 4246 1406 4299 ’11111111
1421 4238 1522 4297 mallit·

266 4337 336 4385 siam
349 4339 375 4385 2.
423 4336 605 4399 quornmcod.
642 4331 660 4365 ¹¹
675 4333 783 4385 observ.
798 4338 823 4382 2.
872 4330 892 4364 ¹²
911 4330 983 4398 imis]
998 4335 1053 4383 tuis
1066 4338 1091 4385 2.
1141 4333 1162 4365 ¹³
1175 4331 1294 4399 quando]
1308 4337 1407 4383 1111112.
1446 4325 1524 4373 ”W

264 4421 332 4470 dunt
343 4422 377 4471 A.
391 4434 504 4470 saccum
522 4419 620 4468 redunt
632 4421 658 4467 2.
712 4418 733 4450 ¹⁵
750 4420 856 4469 Eckius
870 4420 894 4467 2.
958 4416 979 4450 ¹⁵
997 4418 1089 4484 trium]
1109 4419 1313 4470 Rhenanorum.
1372 4417 1393 4451 ¹⁸
1410 4405 1524 4467 demutil-

252 4504 286 4536 '¹⁹
297 4503 433 4554 Oarolost.
448 4519 508 4553 eum
518 4503 640 4554 Luthero
650 4504 734 4554 Eckii
748 4504 967 4563 adversariusin
979 4504 1168 4570 disputatione
1182 4505 1259 4571 Lips.
1297 4502 1350 4539 Μ
1362 4492 1524 4567 Scriptmlc

265 4590 364 4651 noniae,
384 4588 430 4638 die
448 4592 478 4637 ut
495 4605 592 4655 supro,
611 4590 690 4640 Anno
712 4588 784 4639 1517.
804 4591 874 4639 dedit
887 4592 913 4639 2.
927 4595 1018 4653 operto
1036 4605 1142 4639 errore:
1165 4589 1198 4638 de
1218 4604 1291 4638 anno
1316 4587 1423 4652 (1511),),
1446 4574 1524 4634 11111·

264 4674 342 4723 nihio
355 4689 462 4738 quoque
476 4674 599 4737 (liuttere
610 4675 711 4740 Kiagen
724 4691 750 4740 p.
759 4672 832 4738 564.)
850 4688 996 4740 perperam
1010 4674 1135 4724 indicato
1149 4675 1228 4738 quasi
1244 4672 1317 4723 rats.
1332 4674 1437 4731 fuisset,
1453 4661 1524 4716 nullum

265 4758 377 4809 dubium
390 4760 453 4823 ipsa
467 4759 586 4823 epIstula
605 4759 749 4823 relinquit,
771 4760 819 4809 sed
838 4759 912 4809 diem
931 4760 1017 4809 etiam
1036 4760 1096 4809 eius
1114 4760 1298 4809 recentiorem
1312 4774 1374 4808 csse
1388 4748 1489 4822 qnamtl·
1500 4738 1525 4832 m.

265 4843 329 4894 Oct.
343 4844 390 4908 qui
409 4848 452 4893 est
469 4844 612 4908 sequentis
630 4843 758 4909 epistulae
777 4844 854 4893 Croti
873 4844 909 4892 ad
927 4845 1092 4903 Luthernm,
1113 4860 1146 4893 ex
1165 4844 1233 4908 ipsis
1252 4842 1339 4892 facile
1359 4841 1494 4905 colligetur·
1506 4822 1525 4871 ⁸¹

269 4938 400 4987 Valentini
420 4935 593 5001 signiticaret
609 4913 648 4985 aa
669 4938 787 4999 codicis,
819 4935 985 4986 haberemus
1008 4936 1033 4986 d.
1055 4935 1096 4985 211.
1111 4936 1206 4986 Octbr.
1227 4950 1253 4984 1.
1273 4934 1347 4984 1519.
1371 4934 1420 4985 ssd
1435 4916 1526 4995 qufflffl

202 5072 206 5078 ,
263 5025 390 5085 tempora
408 5021 449 5069 sic
469 5021 615 5085 quadrent,
636 5025 730 5071 tamen
749 5021 946 5086 interpretatio
965 5023 1027 5086 ipsa
1049 5022 1132 5070 nimis
1155 5022 1265 5070 incerta
1287 5019 1407 5069 videtur.
1474 5001 1526 5050 Ἰὼ

265 5104 363 5154 diebus
381 5106 475 5155 Romae
541 5104 691 5169 Sylvestris
710 5110 759 5170 tag
777 5105 916 5170 sylvester
934 5120 995 5154 cum
1014 5106 1071 5155 suis
1091 5105 1202 5155 facetiis
1215 5107 1240 5153 2.
1288 5101 1312 5134 ²²
1329 5085 1525 5154 Dominicsnitl·

266 5187 288 5221 ²³
306 5187 450 5253 Thomam]
469 5189 645 5254 Aquinatem.
682 5190 806 5239 Christos
825 5189 848 5240 dr
864 5186 976 5248 uetitos
988 5193 1013 5238 2.
1033 5190 1149 5254 Frigida
1168 5189 1251 5239 hodie
1274 5188 1386 5238 ridetur
1403 5176 1527 5236 moniti·

264 5274 320 5322 tio:
338 5264 469 5339 χρηστός,
488 5274 580 5335 utilis,
601 5275 770 5336 commodus;
791 5273 924 5339 maritos,
936 5289 1038 5338 pravus
1055 5279 1107 5323 sive
1125 5274 1206 5339 palus
1222 5291 1259 5316 =
1276 5270 1366 5336 illabi.
1421 5267 1443 5300 ¹⁸
1455 5254 1527 5331 limi·

265 5361 371 5408 neut2.
424 5357 531 5408 Iudicio
549 5360 789 5409 rec.raon.incod.
826 5360 931 5409 indicio
944 5361 969 5407 2.
1023 5355 1046 5390 ²⁸
1064 5358 1152 5408 sortus
1169 5360 1219 5409 aed
1234 5374 1288 5408 rec.
1302 5370 1409 5405 mea
1490 5346 1495 5356 '
1523 5420 1528 5433 ι

265 5444 362 5507 partus
378 5443 437 5491 cod.
456 5441 540 5493 toetns
553 5447 579 5492 2.
632 5440 654 5475 ¹⁸
672 5444 707 5493 de
726 5442 872 5493 coelestica
891 5443 1050 5506 essentiali,
1069 5444 1200 5506 virtuati,
1218 5456 1312 5507 neque
1330 5438 1470 5494 1111111111,
1486 5437 1530 5477 “⁶¹

265 5527 352 5588 denti,
372 5526 522 5576 examinati
535 5527 558 5579 11
569 5529 764 5593 participatur.
778 5530 804 5577 2.
