3625 7050
516 1214 615 1267 XXVI.
640 1229 813 1267 narramur
826 1229 1020 1266 raconrvcas
1034 1230 1076 1265 rr.
1090 1231 1116 1264 n.
1132 1222 1164 1263 ta.
1176 1229 1233 1264 iva.
1249 1222 1308 1262 lats.
1513 1199 1561 1268 45

262 1385 409 1454 stitiosos,
443 1386 474 1445 in
496 1385 552 1445 lroc
580 1385 715 1463 prorupit
742 1382 854 1452 statim,
889 1393 986 1462 ‘qnam
1016 1382 1125 1444 bellum
1155 1383 1226 1442 milri
1255 1381 1374 1442 Crotum
1404 1380 1569 1458 praedicas'

265 1485 387 1547 Fratres
415 1485 623 1563 praedicatores
646 1494 675 1545 et
696 1483 885 1562 theologistas
904 1482 1092 1545 colonienses
1113 1484 1264 1562 pediculos
1287 1484 1442 1562 Capnionis
1464 1482 1633 1561 appel-co.

265 1584 353 1646 labat.
400 1585 495 1646 Porro
517 1586 687 1647 facetiarum
710 1593 794 1645 autor
817 1603 876 1644 non
898 1587 1015 1662 ineptus
1043 1584 1087 1645 vel
1115 1604 1149 1645 ex
1179 1595 1312 1663 tempore
1342 1584 1403 1645 lnit.
1449 1568 1631 1644 cinnameo.

267 1687 404 1748 ollerenti
433 1686 488 1747 sibi
518 1685 660 1747 trivialem
688 1686 826 1747 adversus
855 1684 1000 1747 calculum
1032 1686 1182 1746 cuiusdam
1210 1686 1363 1747 medicinae
1392 1685 1562 1764 synthesim,

228 1786 427 1850 §subridens
450 1787 483 1847 ‘d
506 1787 586 1849 coco'
613 1789 653 1847 ait
680 1796 755 1848 ‘meo
777 1789 858 1865 prius
881 1786 985 1846 didici'.
1031 1785 1103 1846 Cum
1126 1787 1273 1847 diceretur
1301 1787 1418 1864 quidam
1448 1786 1631 1864 eleganter.

268 1889 382 1950 tissiim
396 1889 550 1967 scripsisse
564 1887 676 1949 bellum
687 1886 838 1956 venetum,
856 1898 954 1966 ‘qnam
970 1884 1104 1958 mallem',
1120 1889 1222 1966 inquit,
1240 1886 1414 1949 ‘felicissime
1429 1889 1562 1966 gestum'.

269 1988 399 2050 lactabat
420 1989 493 2051 alius
515 1989 594 2067 quod
617 1991 647 2049 in
670 2008 721 2050 ore
743 1988 870 2049 habebat
891 1988 1010 2058 vulnuS,
1040 1988 1096 2066 boc
1119 1988 1253 2049 dictitans
1283 1989 1324 2049 ‘lu
1354 1989 1457 2049 laciem
1487 1988 1632 2054 hosticae.

271 2089 402 2160 stabarn',
424 2090 578 2168 respondit
599 2091 662 2168 ipse
685 2089 730 2150 ‘Et
744 2088 800 2156 ille,
824 2096 857 2149 nt
871 2077 963 2158 rideo,
988 2088 1057 2149 tibi’.
1096 2072 1338 2149 concertantibus
1353 2091 1428 2150 inter
1444 2109 1476 2149 sc
1491 2090 1633 2158 dno-§.sa

272 2190 327 2251 bus
348 2191 593 2252 versificatoribus
616 2209 683 2252 cum
705 2189 779 2251 alter
800 2190 935 2260 dixisset,
958 2188 1113 2268 alicpiando
1135 2190 1240 2251 melius
1263 2207 1383 2278 carmen
1404 2191 1565 2252 somniasse

225 2312 242 2351 ι
272 2310 318 2362 se,
347 2311 435 2371 qnam
458 2293 537 2372 quod
560 2292 744 2353 adversarius
766 2290 948 2360 ostenderet,
977 2291 1074 2352 intulit
1096 2290 1217 2352 ‘Crebro
1239 2292 1336 2369 itaque
1364 2289 1477 2352 dormi'ss
1522 2292 1633 2359 Euesa
1659 2303 1662 2309 '

274 2391 460 2454 electioribus
481 2394 632 2455 sententiis
655 2393 708 2452 lias
737 2393 907 2471 frequenter
934 2391 1062 2453 habebat
1089 2395 1118 2452 in
1147 2410 1214 2461 ore,
1249 2391 1419 2470 ‘Explorant
1445 2392 1565 2453 adversa

272 2493 358 2555 viros'
382 2501 411 2557 et
433 2493 581 2556 ‘Perducit
608 2494 644 2554 ad
672 2493 762 2555 ardna
790 2493 899 2553 virtus'.
946 2492 1066 2554 Dicebat
1094 2494 1179 2554 etiam
1208 2494 1409 2571 frequenter,
1426 2495 1566 2570 temporis

272 2602 394 2666 statum,
428 2593 607 2673 posteritatis
628 2595 735 2655 lanmm
766 2595 892 2672 spectari
923 2595 1087 2654 convenire.
1142 2593 1328 2672 Arguebatur
1357 2602 1390 2655 nt
1415 2596 1464 2672 qni
1491 2609 1634 2672 prae-tas.

273 2695 401 2757 lecturas
423 2696 557 2774 cupidius
578 2705 693 2774 ageret;
727 2697 789 2773 ipse
811 2697 853 2754 sic
874 2694 1136 2772 interpretabatur,
1172 2695 1228 2755 lroc
1250 2713 1282 2755 se
1304 2714 1452 2773 quaerere,
1487 2695 1566 2773 quod

225 2797 302 2858 isin
329 2796 435 2876 dignos
458 2804 558 2874 postea
580 2799 736 2857 conterret.
788 2795 845 2856 Otii
872 2799 918 2856 sui
945 2796 1247 2874 sedem'lloguntium
1276 2796 1436 2874 delegerat,
1470 2796 1568 2875 ibique
1578 2807 1635 2856 §.oo

273 2897 403 2969 studium
424 2897 590 2967 literarum,
614 2897 700 2976 quale
721 2900 751 2958 in
773 2904 832 2957 tota
856 2897 972 2974 Europa
996 2915 1055 2956 non
1077 2905 1167 2967 esset,
1197 2897 1297 2959 allecta
1328 2897 1444 2982 adhoc
1466 2898 1568 2958 buma-

273 3001 384 3061 n'sssiml
406 3000 548 3077 principis
569 2997 756 3068 liberalitate,
774 2998 907 3075 parabat
929 2999 1089 3066 instruere,
1124 3000 1229 3076 partim
1253 3000 1339 3059 etiam
1361 3018 1412 3059 sna
1435 3001 1567 3076 peranda,

273 3101 380 3178 partim
403 3101 502 3161 eiectis
524 3097 674 3160 inutilibus
695 3098 921 3178 prolessorculis
944 3107 980 3169 et,
1004 3100 1111 3177 quibus
1130 3098 1170 3159 illl
1192 3099 1516 3169 habentne-translatis
1531 3100 1567 3160 ad
1631 3160 1634 3168 ,

272 3201 425 3263 meliorem
453 3219 539 3261 nsum
566 3200 726 3278 stipendiis.
764 3199 908 3261 Occubuit
935 3201 1023 3278 igitur
1045 3219 1104 3261 nim
1128 3201 1241 3262 modica
1263 3201 1427 3264 studiorum
1447 3203 1636 3269 lectoratu.

225 3301 384 3382 atquibus
405 3301 492 3363 simul
515 3321 550 3362 ac
570 3301 691 3363 literatis
713 3302 849 3363 omnibns
872 3301 1059 3363 consulturus
1081 3311 1144 3362 erat
1166 3304 1275 3361 inotio
1295 3303 1373 3380 qrrod
1390 3302 1569 3362 destinabat:

275 3421 382 3482 nempe
404 3422 521 3464 ominem
545 3402 645 3465 aulicae
668 3402 887 3464 consuetudinis
910 3402 1071 3464 molestiam
1096 3394 1204 3474 eruere
1225 3402 1379 3481 cogitabat,
1403 3422 1480 3481 sape
1501 3422 1569 3481 pro-

275 3503 348 3566 bans
370 3503 442 3565 illud
464 3504 583 3566 blutiani
607 3503 775 3576 consilium,
805 3505 853 3583 qrri
877 3506 1015 3566 missione
1037 3525 1052 3564 a
1076 3525 1129 3567 suo
1152 3506 1284 3583 principe
1305 3504 1474 3583 impetrata,
1498 3507 1570 3566 scri-

275 3605 380 3667 barrrm
403 3606 546 3676 decuriae,
570 3608 599 3666 in
622 3625 679 3685 qua
696 3616 826 3667 versatus
842 3613 919 3674 erat,
943 3608 1107 3684 inscripsit:
1137 3625 1262 3679 vanarn
1286 3625 1569 3680 sonnicrrvnruns,

278 3707 375 3769 domui
404 3727 473 3769 vero
502 3727 562 3769 suae
584 3692 689 3769 cnara
713 3727 985 3776 rnanovrncmns.
1030 3708 1099 3768 llaec
1121 3726 1211 3786 agens
1233 3715 1319 3785 atque
1342 3708 1404 3768 liaeo
1425 3721 1647 3793 apparanstss..

234 3817 343 3870 asante
365 3808 443 3870 diem
466 3811 576 3870 interiit
596 3809 692 3893 bonus
711 3807 873 3869 ltelvollus:
897 3828 1006 3869 annum
1030 3810 1107 3869 enim
1131 3808 1162 3868 L.
1186 3808 1317 3869 nondum
1340 3810 1483 3886 attigerat.
1517 3807 1570 3868 Cui
1670 3828 1675 3837 ·

278 3927 327 3970 nos
350 3930 368 3971 a
390 3910 446 3970 diis
467 3910 680 3971 immortalibus
702 3911 817 3988 precari
839 3908 982 3970 debemus
1004 3911 1100 3968 omnia
1123 3928 1188 3987 (puae
1210 3908 1338 3969 solemus
1359 3910 1404 3968 liis
1431 3910 1480 3987 qui
1502 3927 1569 3969 cum

276 4008 360 4074 laude
382 4013 526 4074 vixerunt.
570 4012 649 4090 ‹puod
672 4020 701 4073 te
723 4013 868 4072 laetorum
892 4030 1008 4071 mecum
1031 4029 1090 4070 non
1112 4010 1223 4079 dubito,
1246 4019 1305 4070 tarn
1328 4011 1395 4089 qnia
1417 4027 1465 4068 me
1480 4013 1639 4079 natast-⁵⁹-

275 4128 363 4192 quam
385 4113 569 4194 quia1amari
590 4112 627 4173 ab
655 4111 704 4172 illo
731 4111 926 4173 intellexeras.
972 4112 1090 4171 llutteni
1119 4131 1187 4171 vero
1216 4130 1317 4172 casum
1346 4113 1383 4172 ita
1408 4109 1463 4170 tibi
1490 4117 1638 4172 com-ooo.

273 4215 399 4284 arendo,
428 4213 461 4274 nt
482 4215 625 4293 insignem
648 4215 830 4274 atrocitatem
854 4214 1021 4290 cuplamin
1044 4212 1123 4273 ltalia
1146 4232 1264 4293 quoque
1293 4222 1454 4275 notescere.
1491 4212 1569 4274 Vale.

233 4312 447 4397 &blogrmtie
487 4314 586 4377 ldibus
616 4315 704 4385 lunii,
739 4315 822 4376 dano
859 4315 973 4374 llonrini
1007 4313 1159 4376 llillosirno
1190 4316 1425 4394 quingentesimo
1458 4313 1573 4377 decimo

268 4420 386 4499 quinto.

340 4670 698 4734 'haee(i.e.oerbo)A.2.
730 4668 845 4720 hoecfl.
891 4668 1327 4735 ¹⁷poeunia,‹leinaoeieet3¹¹.
1381 4652 1574 4722 ”abimmorf

266 4758 324 4808 teli
337 4758 453 4807 Christo
468 4752 517 4805 3⁸.
