3625 7050
556 1207 592 1256 ΙΙ.
613 1222 648 1255 ns
669 1221 791 1256 evermu
811 1220 1058 1255 saecauavsnarv.
1079 1221 1105 1256 a.
1121 1215 1178 1255 lete.
1495 1198 1517 1265 5

225 1377 312 1429 uanos’
341 1378 509 1457 respiciens,
539 1377 567 1426 in
596 1376 688 1442 elegia
716 1391 770 1441 qus
793 1377 958 1426 Posteritsti
988 1392 1018 1426 ss
1042 1378 1227 1437 commendat,
1259 1379 1363 1428 cecinit
1390 1379 1518 1431 distichis

139 1538 143 1544 ἡ
227 1459 347 1514 u...ra.
367 1444 425 1513 isi:

421 1567 495 1634 Quos
518 1566 612 1622 tulerit
634 1575 732 1624 nostro
755 1565 897 1621 Germania
921 1573 1045 1641 tempore
1068 1575 1151 1629 vates,

507 1651 542 1706 Ex
565 1651 659 1707 multis
681 1650 787 1725 aliquot
808 1650 899 1707 dicere
922 1652 995 1708 sorte
1018 1669 1114 1726 rogas:

421 1737 550 1810 Quisquis
573 1754 616 1799 es,
641 1737 764 1796 llutteni.
786 1735 885 1798 lector,
909 1755 1040 1811 percurre
1063 1736 1179 1799 libellos,

508 1821 646 1895 Quemque
669 1838 718 1877 suo
742 1821 830 1876 reddit
853 1822 971 1883 nomine.
995 1840 1130 1897 quemque
1152 1823 1221 1879 loco.

419 1907 539 1982 Inspice,
562 1907 728 1983 Pomeritas.
752 1905 865 1962 llutteni
886 1908 1005 1963 carmina
1028 1909 1104 1970 vatis,

506 1992 581 2048 llune
604 2000 679 2048 recto
701 1992 807 2066 poteris
830 1992 921 2048 dicere
944 1994 1003 2049 iure
1026 2000 1110 2054 tuum,

216 2493 431 2532 tusscorum
449 2495 486 2530 An
504 2495 599 2530 viana.
833 2462 882 2536 Π.

93 2641 147 2690 ιο
203 2608 209 2619 ’
601 2654 642 2712 m
668 2654 811 2712 uvarum
836 2652 1117 2711 auurmrvamrv

167 2791 271 2838 eum
297 2789 389 2840 adhuc
416 2789 462 2853 qui
486 2789 572 2838 vitem
597 2787 656 2837 eiua
680 2778 850 2853 scripserunt
873 2788 894 2837 1.
916 2787 946 2836 C.
970 2787 1157 2837 Becmunnnm
1180 2787 1228 2836 uhi
1250 2793 1380 2853 poterant
1406 2794 1506 2840 testem

168 2873 262 2922 non
290 2873 493 2934 edomuerint,
524 2874 640 2937 primum
671 2889 704 2922 ex
726 2873 807 2922 huius
830 2870 902 2922 libro
927 2873 972 2922 cui
1000 2870 1163 2922 inscribitur
1183 2872 1292 2922 Notitia
1320 2875 1513 2926 universitatis

174 2944 486 3008 1“raincoiurtanae‘et
499 2959 544 3023 qui
558 2957 661 3023 prodiit
672 2956 860 3006 Ftadviadr.
876 2972 900 3006 a.
911 2954 984 3005 1707.
993 2955 1040 3005 fol.
1054 2972 1108 3006 non
1121 2956 1210 3006 nullos
1222 2956 1299 3007 locos
1313 2958 1511 3022 exhibebimus,

174 3034 313 3093 deinde
333 3043 449 3093 aliorum
469 3059 486 3092 a
503 3041 683 3092 Burekhardo
702 3043 757 3091 iem
775 3041 885 3107 prolata
903 3041 1065 3091 testimonia
1084 3041 1223 3091 addemus.
1265 3043 1440 3094 Becmannns
1459 3046 1510 3094 ita-

104 3102 155 3149 ¹⁵
178 3133 261 3187 que
281 3129 354 3177 dicti
372 3127 438 3177 libri
457 3143 518 3193 cap.
532 3127 578 3177 Vl.
594 3126 664 3192 quod
683 3126 855 3192 professores
873 3126 1065 3176 universitatis
1083 3131 1224 3190 recenset,
1245 3144 1271 3193 p.
1285 3125 1326 3177 67.
1340 3128 1415 3178 haec:

423 3296 429 3307 ·
509 3283 553 3323 iv.
575 3281 688 3324 sanias
712 3281 949 3323 enonsseonvu
971 3269 1211 3324 enmos'oemm.

295 3387 332 3442 uc
357 3385 496 3441 Facultatc
518 3384 710 3459 Pliilosophica
733 3385 821 3442 adhuc
843 3384 926 3441 semel
950 3386 1136 3460 repetendum.
1160 3387 1232 3460 quod
1255 3388 1288 3443 de
1303 3388 1510 3445 Professorihus

187 3473 336 3543 priorum
352 3470 522 3527 Facultatum
538 3479 697 3527 annotatum
715 3471 779 3533 suit,
803 3470 940 3528 difficilem
956 3490 1016 3528 csse
1030 3472 1221 3529 Professurum
1237 3473 1316 3547 primi
1335 3474 1466 3549 temperis
1482 3483 1510 3531 et

188 3552 358 3615 Doctorum
381 3574 469 3630 eoque
491 3557 684 3629 llagistrorum
707 3556 854 3613 Faciiltatis
877 3557 1088 3613 distinctionem.
1133 3558 1160 3613 ld
1185 3567 1274 3613 tamen
1300 3566 1422 3620 constat,
1451 3561 1510 3616 Pri·

113 3628 171 3680 ²⁰
190 3656 283 3699 urum
308 3642 497 3697 Professurcm
521 3644 548 3697 in
571 3642 621 3697 hae
642 3641 780 3717 Facultate
803 3642 906 3715 pariter
932 3661 963 3697 ae
989 3642 1169 3700 Universitatc
1197 3644 1281 3699 luisse
1303 3644 1443 3699 Publicum
1466 3644 1509 3700 Vi·

190 3727 364 3801 gilantium.
389 3727 518 3799 dxungiae
540 3723 566 3783 da
587 3725 699 3782 llrlsillae
720 3727 882 3800 cognomine
905 3725 972 3781 alias
995 3745 1104 3801 equoque
1127 3736 1234 3789 notum,
1264 3729 1325 3802 ipsc
1354 3730 1444 3783 statim
1469 3730 1508 3784 in-

192 3810 257 3868 itio
276 3815 306 3865 Α.
323 3810 410 3867 lllil'l.
426 3812 614 3868 professorem
631 3810 800 3886 Eloquentiae
822 3811 1003 3867 constitutum
1020 3855 1026 3865 .
1044 3855 1049 3865 .
1067 3856 1072 3865 .
1095 3813 1227 3868 Caeterum
1243 3813 1359 3887 primum
1375 3805 1507 3870 lleeanum

194 3895 359 3954 Facultatis
389 3896 569 3970 indicantibus
598 3897 671 3952 detis
693 3896 855 3956 decimatis,
891 3904 918 3950 ct
949 3914 981 3951 cr
1010 3896 1051 3950 his
1079 3897 1212 3952 Caminaeo
1242 3899 1269 3952 in
1297 3898 1370 3952 Orat.
1387 3897 1506 3953 Seculari

195 3980 329 4056 legimus
352 3981 437 4036 luisse
459 3999 491 4038 ex
512 3982 627 4037 Natione
649 3981 780 4038 hlarchica
802 3981 949 4036 iohannem
979 3980 1137 4042 hindlroltz‚
1169 3980 1243 4036 illum
1274 3989 1368 4055 postea
1397 3999 1507 4055 quoquc

131 4066 180 4113 ²⁵
200 4067 280 4123 luris
302 4066 445 4122 lloctorem
473 4074 609 4128 creatum,
638 4059 665 4122 dt
693 4075 799 4122 sertum
827 4065 1014 4121 Universitatis
1045 4066 1199 4128 Rectorem.
1230 4068 1370 4122 Pastorem
1398 4083 1507 4141 quoque

196 4152 331 4207 Civitatis
353 4158 418 4225 post
440 4151 544 4207 obitum
566 4150 708 4214 llolitoris,
733 4152 779 4225 qui
802 4160 829 4206 et
851 4150 967 4207 durante
981 4150 1130 4206 llecanatns
1153 4151 1247 4208 Officio
1268 4150 1403 4208 celebrem
1425 4153 1508 4209 istum

200 4235 264 4292 lllr.
287 4237 437 4291 llutteuum
465 4235 589 4311 Equitem
617 4236 749 4291 Francum
771 4235 977 4293 Baeculaureum
1008 4230 1035 4291 ib
1058 4235 1160 4308 Wulig.
1183 4237 1362 4293 Redorlerum
1392 4238 1506 4293 Canoni-

201 4340 269 4377 cum
291 4321 573 4378 Fiirstenwaldcnscm
596 4318 622 4377 dr
644 4321 663 4375 l.
684 4320 818 4377 Pontificii
833 4321 976 4377 Ductorem
992 4322 1149 4393 Magistrum
1171 4323 1280 4378 creavit.
1367 4323 1506 4381 Secundus

213 4407 264 4461 tuit
286 4406 319 4463 hl.
335 4407 434 4462 Petrus
455 4407 537 4464 llcicr
558 4424 590 4462 ex
612 4406 727 4461 Naticnc
749 4405 914 4461 l'ranconica
937 4406 963 4461 S.
988 4407 1035 4463 Th.
1060 4406 1265 4470 baccalaureus,
1297 4415 1353 4462 reti.

141 4510 191 4557 ³0
208 4526 267 4569 tum
282 4536 344 4585 cap.
358 4520 419 4570 VII.
435 4537 487 4587 quo
507 4522 588 4573 ‘Vitae
601 4521 794 4570 Professorum
806 4498 1096 4571 Francofurtsnorum'
1115 4522 1316 4584 describimtur‚
1336 4540 1362 4589 p.
1376 4522 1435 4574 235.
1449 4540 1505 4590 sq:

672 4676 836 4716 londanus
866 4676 1043 4717 LINDHOLZ.

211 4823 217 4835 .
242 4824 247 4835 .
272 4824 278 4834 .
302 4781 338 4836 lle
361 4768 521 4842 Parentibus
545 4781 603 4835 eius
626 4778 692 4836 nihil
716 4779 798 4842 certi;
821 4779 856 4834 m
877 4779 995 4834 Patriam
1017 4780 1102 4835 luisse
1122 4778 1373 4851 llonaclrolicrgam,
1396 4781 1505 4856 Lipsiae·

210 4883 263 4939 qne
285 4867 374 4939 primo
397 4866 477 4920 variis
497 4865 612 4939 Scriptis
635 4864 802 4926 inclaruisse,
826 4882 856 4920 ac
877 4872 973 4939 postea
995 4865 1048 4921 huc
1070 4883 1099 4920 se
1121 4863 1269 4920 contulisse
1292 4873 1407 4919 constat.
1431 4865 1505 4932 'Qui-

211 4950 260 5004 hus
282 4951 493 5006 circumtanstiis
515 4952 632 5023 primum
654 4949 801 5006 l'acrrltatis
824 4968 879 5005 suar
901 4950 1061 5005 llecanatum
1085 4950 1242 5011 obtinuerit,
1266 4948 1354 5003 verbis
1377 4949 1505 5005 lictorum
1602 4977 1607 4982 ·

158 5026 358 5091 *miscuimus
380 5035 424 5091 hic
446 5035 641 5092 suliiieieudum
662 5036 801 5097 duximus,
830 5052 890 5108 qum
914 5034 976 5089 talia
1000 5043 1075 5090 sunt:
1106 5035 1189 5090 Antio
1211 5035 1326 5089 Domini
1345 5031 1504 5104 Millefimo,

212 5117 442 5193 Quinqentelimo
467 5119 552 5192 sexto
581 5123 626 5177 die
654 5119 787 5193 aiqesima
821 5122 906 5176 tertia
934 5119 1043 5191 Mensis
1070 5119 1178 5190 Aprilis
1211 5125 1276 5173 ante
1308 5114 1505 5184 Universitatis

211 5203 464 5274 latronisationem
491 5204 574 5277 sacta
598 5206 805 5262 Coneccotionc
828 5207 950 5260 omnium
973 5202 1180 5276 Mapislrerum
1207 5205 1280 5259 dicte
1307 5190 1506 5272 Universitatis'

210 5292 290 5362 opud
310 5287 591 5358 Reverendifsimum
612 5292 775 5357 Dominum,
798 5290 950 5346 Dominum
975 5290 1181 5345 Theodericum
1203 5290 1237 5344 de
1260 5288 1334 5343 Belo
1357 5287 1503 5341 Lirbucen-

208 5374 249 5443 lis
270 5373 401 5444 Ecclesie
428 5373 580 5445 Presulem
607 5395 643 5433 oc
669 5378 795 5433 eiusdem
822 5373 1022 5444 Universitotis
1044 5372 1279 5442 Conservatorem
1308 5368 1502 5445 dignissimum

276 5539 287 5572 ⁴
305 5557 388 5608 roges
406 5543 449 5592 ed.
471 5540 544 5592 1539.
602 5542 625 5574 ¹⁰
642 5540 798 5607 Publicum]
818 5544 855 5592 ric
872 5542 965 5591 editum
982 5548 1029 5590 cst.
