3625 7050
257 1225 405 1277 CLXXVI.
425 1240 523 1276 aaran.
536 1241 574 1276 an
587 1240 649 1276 aaa.
664 1240 730 1275 noa.
744 1241 786 1274 ar.
808 1223 968 1275 CLXXVII.
988 1240 1090 1274 annau.
1104 1240 1140 1275 an
1154 1239 1267 1276 araaar.
1282 1242 1323 1276 ae.
1338 1243 1363 1277 a.
1380 1234 1437 1276 taen.
1476 1211 1544 1284 361

257 1400 338 1457 tideis
361 1400 482 1455 famosos
505 1397 626 1461 libellos.
656 1417 717 1455 cum
745 1398 969 1455 reverendissima
998 1405 1025 1454 et
1053 1398 1234 1456 illustrissima
1257 1399 1440 1458 dominatione
1462 1412 1550 1458 vestra

256 1486 450 1547 commentari,
474 1484 626 1558 praesertim
643 1485 716 1558 quod
733 1483 901 1539 familiaritas
917 1485 1029 1539 llutteni
1053 1486 1099 1557 apii
1122 1486 1351 1542 reverendissima
1374 1495 1401 1542 et
1424 1487 1552 1543 illustris·

257 1572 333 1625 simae
349 1568 527 1626 dominationi
543 1576 640 1624 vestrm
655 1587 763 1643 semper
782 1569 883 1625 citriam
905 1569 1005 1624 dieitur
1027 1577 1151 1630 secutus.
1175 1577 1202 1625 et
1225 1569 1315 1633 locus,
1340 1572 1365 1626 in
1390 1590 1444 1644 quo
1467 1571 1552 1627 lilrelli

257 1655 431 1728 impressioni
454 1654 509 1709 dati
533 1654 656 1714 luerunt.
679 1655 773 1708 civitas
796 1654 900 1709 scilieet
915 1654 1086 1724 lloguutiua,
1109 1654 1247 1710 arrimmllis
1270 1657 1295 1710 in
1311 1656 1382 1712 Urlve
1398 1674 1451 1712 non
1467 1656 1552 1713 levem

237 1743 355 1797 icontra
378 1739 627 1794 reverendissimam
650 1747 678 1794 et
701 1738 910 1793 illustrissimam
933 1739 1145 1794 dominationem
1166 1748 1281 1795 vostram
1304 1742 1484 1815 suspitionem
1507 1759 1553 1815 pe·

256 1826 390 1900 pererint.
435 1823 511 1896 Apud
535 1824 648 1878 eundem
671 1824 809 1878 dominnm
834 1823 1023 1895 llierunpnum
1048 1824 1073 1879 iu
1098 1826 1298 1881 excusationem
1321 1827 1552 1882 reverendissimae

256 1918 285 1966 ct
309 1908 501 1964 illustrissimae
523 1908 715 1963 dominationis
739 1916 836 1962 vestrm
865 1907 957 1962 multis
984 1908 1072 1963 verbis
1094 1909 1152 1981 egi,
1181 1911 1297 1982 primum
1321 1911 1393 1983 (pared
1416 1911 1552 1967 Huttenus

256 1994 361 2051 curiam
384 1992 615 2048 reverendissimae
639 2001 666 2047 et
689 1992 880 2047 illustrissima
902 1992 1094 2047 dominationis
1118 2004 1214 2049 restra
1236 2013 1290 2049 nun
1307 2003 1482 2067 seqrieretur,
1506 1989 1553 2051 rie·

257 2096 312 2153 que
336 2096 387 2152 pro
411 2077 536 2133 santiliari
559 2076 592 2132 ab
615 2078 707 2132 eadem
730 2077 838 2132 lrabitus
862 2076 960 2138 luerit:
993 2077 1090 2132 deiude
1113 2080 1185 2151 qiiod
1207 2077 1317 2134 libellus
1340 2079 1386 2134 ille
1407 2080 1553 2153 Maagrrntiae

228 2167 363 2238 ltpraeter
390 2160 556 2217 voluntatem
585 2179 633 2218 seu
664 2161 804 2218 scientiam
832 2162 1062 2218 reverendissimae
1089 2171 1116 2217 et
1147 2162 1338 2219 illustrissime
1360 2165 1553 2219 ‹lonrinationis

256 2256 358 2307 vestrae
380 2247 475 2302 formis
498 2264 643 2320 expressus
666 2247 762 2307 luerit.
786 2247 827 2302 rel
850 2264 883 2300 eu
906 2247 1019 2301 unanime
1041 2247 1137 2302 coniici
1161 2249 1263 2320 possit,
1288 2249 1360 2320 qrirvd
1384 2250 1553 2305 reverendis·

257 2333 326 2388 sima
354 2339 383 2387 et
408 2330 593 2387 illustrissima
620 2331 769 2387 ‹lenitatio
798 2338 887 2386 vestra
917 2331 943 2385 in
973 2338 1029 2386 tota
1053 2331 1193 2387 Germania
1222 2333 1317 2388 urricus
1345 2352 1453 2406 semper
1481 2334 1552 2388 sedis

257 2415 420 2491 apostolicae
435 2415 548 2489 clypeus
571 2416 669 2477 laicrit,
692 2416 806 2488 eiusque
829 2415 997 2478 libertatem,
1020 2416 1194 2488 ‹liguitatenr,
1221 2417 1353 2472 honorem
1376 2425 1457 2490 atque
1480 2435 1553 2473 crim·

257 2502 369 2557 modum
393 2501 502 2556 fortiter
525 2508 552 2555 et
574 2501 794 2556 constantissime
817 2517 925 2573 semper
940 2501 1086 2556 asseruerit
1104 2508 1244 2572 tutelaque
1261 2501 1356 2562 sumit,
1379 2510 1420 2563 et,
1443 2510 1472 2557 ut
1487 2502 1552 2557 milu

228 2585 415 2646 studebatur.
444 2586 511 2640 satis
533 2584 584 2640 sihi
608 2585 745 2641 excusatio
768 2585 900 2640 eiusmodi
923 2584 1072 2659 proliabilis
1098 2593 1125 2640 et
1154 2585 1322 2640 ratioualailis
1350 2603 1401 2658 pro
1429 2603 1553 2641 reveren·

259 2670 372 2726 dissima
400 2676 427 2724 ct
455 2668 639 2725 illustrissima
666 2670 851 2725 dominatione
879 2677 968 2724 vestra
991 2669 1144 2725 vilebatur:
1176 2669 1354 2737 Quamobrem
1378 2689 1469 2742 operae
1493 2688 1554 2743 pre·

260 2756 328 2810 tium
352 2754 410 2810 lore
433 2771 492 2809 suin
516 2762 603 2815 ratus,
628 2763 805 2828 posteaquam
828 2762 951 2826 tempore
973 2753 1064 2826 aliquo
1088 2755 1145 2827 ipse
1167 2755 1237 2828 apud
1261 2756 1510 2810 reverendissimam
1526 2761 1553 2809 ct

259 2838 472 2895 illustrissimam
494 2839 706 2894 dominationem
729 2847 845 2894 vestram
869 2838 951 2894 luerit
974 2848 1170 2900 commoratus,
1194 2848 1224 2894 ut
1239 2840 1319 2894 ctiam
1343 2839 1375 2894 ad
1399 2839 1552 2912 pontificem

259 2941 311 2997 pro
341 2923 462 2978 ulteriori
490 2924 642 2980 sanctitatis
670 2941 726 2979 suaa
753 2923 940 2979 satisfactione
969 2932 996 2978 ct
1024 2923 1195 2996 uritigatioue
1224 2933 1252 2979 et
1274 2925 1504 2980 reverendissimae
1526 2932 1555 2979 ct

226 3007 454 3063 ²⁰illustrissinun
475 3008 669 3064 (luminationis
691 3016 787 3064 vestrae
811 3008 982 3064 excusatione
1006 3008 1098 3064 literas
1120 3007 1280 3082 perscribat.
1323 3009 1359 3064 lle
1382 3027 1434 3081 qua
1461 3027 1490 3065 re
1513 3027 1554 3064 re·

259 3092 481 3148 verendissimam
503 3103 531 3148 et
554 3092 765 3148 illustrissimam
787 3093 999 3149 dominationem
1021 3101 1137 3149 vestram
1161 3093 1333 3149 admonuisse
1356 3101 1398 3148 sat
1420 3094 1488 3154 erit,
1511 3093 1554 3148 cui

260 3195 302 3232 rne
325 3177 474 3234 lamnillime
497 3187 524 3234 ct
547 3177 744 3234 officiosissime
766 3179 934 3234 conuuendo.
979 3177 1035 3233 llat.
1057 3179 1155 3240 Riirue,
1179 3179 1221 3234 dic
1245 3179 1339 3252 quinta
1362 3178 1462 3234 mensis
1485 3178 1553 3232 lulii.

259 3266 338 3318 Auno
363 3269 439 3322 1520.

413 3345 440 3401 E.
464 3347 535 3403 limae
561 3353 588 3402 et
609 3346 692 3402 lllmai

227 3435 251 3475 ²⁵
667 3432 695 3485 ll.
719 3432 747 3485 V.

665 3515 775 3572 humilis

487 3641 499 3667 ,
666 3600 826 3675 Capellanus

889 3685 1048 3741 Valentinus
1070 3686 1103 3741 de
1127 3685 1272 3742 Tcteleben
1295 3686 1403 3742 lloetor.

324 3771 399 3826 limat
424 3770 449 3824 in
472 3770 531 3843 llpo
555 3769 626 3842 patri
650 3766 675 3826 d
697 3769 774 3825 lllmo
806 3770 922 3843 principi
951 3778 977 3825 et
1000 3770 1057 3824 llrro
1080 3771 1136 3824 ltno
1160 3770 1272 3826 elberto
1297 3772 1327 3826 tt'
1350 3770 1440 3826 Sancti
1463 3770 1556 3825 Grise-

228 3856 251 3899 ³t
324 3855 391 3927 guni
408 3856 434 3909 S.
451 3856 498 3909 Ilo.
516 3854 578 3910 Eel'.
595 3855 720 3910 Presluo.
759 3854 1058 3909 Cardiualitlemnauim
1074 3852 1409 3910 PrintatidaSacriltom.
1448 3854 1555 3927 lmperii

323 3937 444 4013 l‘rincipi
467 3939 585 3995 Electori
608 3937 634 3996 d
657 3940 767 3995 llomiuo
791 3956 851 3993 meo
875 3938 1129 3993 observandissime.

276 4238 499 4273 WITTENBERGAE.
794 4203 1026 4279 CLXXVII.
1243 4238 1311 4271 POST
1324 4238 1352 4271 ll.
1367 4238 1424 4272 IVN.
1439 4238 1464 4272 Δ.
1480 4232 1538 4271 1510.

258 4292 530 4304 --,-

800 4363 923 4403 OPTIMO
948 4363 1024 4404 VIRO

635 4442 779 4491 DOMINO
799 4442 964 4493 GEORGIO
984 4442 1188 4494 SPALATINO

643 4562 656 4580 ,
683 4530 835 4571 rannone
861 4531 922 4572 svo
946 4532 987 4572 ac
1011 4531 1139 4572 nouruo

653 4610 838 4691 [Ptttttrtt's
860 4614 1106 4672 llELdNClll'llth
1128 4611 1170 4691 S.]

346 4752 438 4813 Salve,
468 4751 503 4806 mi
531 4751 669 4808 carissime
697 4751 835 4824 Spalatiuc
859 4794 1054 4807 .........
1099 4750 1176 4805 llitto
1200 4750 1360 4806 Erasmicam
1384 4761 1411 4806 et
1434 4751 1557 4806 llutteui·

259 4857 317 4894 cam
349 4836 494 4910 epistolas,
525 4845 554 4892 ut
577 4836 675 4891 rideam.
722 4836 800 4891 Vides
827 4837 860 4891 dc
889 4836 1003 4891 llartiuu
1032 4836 1146 4890 alterum
1175 4835 1249 4890 arrhis
1277 4835 1410 4897 universi,
1440 4836 1556 4891 alterum

260 4987 423 5039 CLXXVII.
443 4986 548 5050 Corpus
560 4985 781 5034 Reformatorum
795 4984 1068 5034 ed.llretsolmeidcr.
1087 4983 1147 5032 Vol.
1161 4983 1182 5031 1.
1196 4983 1260 5032 Hal.
1276 4980 1349 5032 1834.
1362 4983 1398 5033 4⁰.
1411 5000 1436 5047 p.
1450 4982 1508 5032 2112.
1516 5000 1556 5048 sq.

454 5086 480 5119 n.
494 5067 536 5118 87.
557 5068 630 5130 (‚‚l·]x
649 5069 822 5135 autographo
840 5070 869 5118 iu
889 5069 954 5117 Cod.
974 5068 1061 5117 Basil.
1080 5069 1111 5116 F.
1127 5066 1183 5116 lot.
1199 5068 1279 5131 epist.
1293 5065 1366 5130 25.'’)

329 5206 340 5238 ⁰
360 5205 471 5256 libellus
491 5203 549 5269 ille]
569 5203 675 5269 dialogi
687 5205 811 5253 Fortuna
830 5210 892 5262 ete,
913 5220 949 5253 ea
967 5204 1054 5269 pavidus
1072 5203 1154 5252 Trias
1167 5203 1292 5252 Romana
1305 5203 1501 5254 Rornaneusa'dus
1513 5207 1556 5254 vui·

249 5295 325 5342 ‘nime
340 5294 448 5354 placere
465 5296 556 5353 poterit.
613 5286 635 5319 ²⁹
653 5286 696 5352 tr]
715 5292 733 5339 i.
747 5306 770 5338 e.
783 5291 851 5338 tituli
873 5289 908 5337 H.
925 5290 1031 5338 (lerdea.

328 5374 353 5407 ³¹
372 5375 491 5423 Huttcni
516 5374 550 5424 ad
569 5373 721 5423 Lutlrcrum
740 5373 880 5421 d.4.1un.
900 5374 1034 5437 scriptam
1053 5389 1096 5437 ep.
1111 5388 1190 5437 quarn
1211 5387 1294 5435 supra
1313 5388 1338 5435 p.
1353 5371 1411 5421 355.
1426 5388 1466 5437 sq.
1481 5373 1556 5423 cxlii·

256 5462 379 5517 baimus,
394 5458 461 5509 vult.
479 5459 653 5509 Erasmicam
667 5463 760 5506 autern
774 5458 808 5506 ad
821 5456 965 5506 Allicrtum
975 5458 1048 5521 Meg.
1065 5456 1199 5506 ‘nonnihil
1208 5458 1242 5506 D.
1253 5457 1368 5506 Martini
1379 5457 1498 5507 Lutheri
1510 5474 1557 5508 ne-

255 5547 379 5615 gocium'
401 5545 598 5608 attingentem,
617 5542 726 5593 Levani
745 5537 1052 5593 Calcd.Nev.a.151tl.
1072 5543 1218 5607 scriptam,
1240 5557 1266 5592 a.
1281 5540 1355 5591 1520.
1374 5540 1554 5607 publicatam.
