3625 7050
759 1146 768 1174 0

590 1204 638 1253 XI·
663 1216 800 1252 EPISTOLA
813 1217 936 1253 uvarum
948 1217 985 1251 u>
998 1217 1140 1260 PHAGEVH.
1155 1221 1180 1254 D·
1193 1214 1227 1278 ξ.
1241 1219 1305 1256 AVG.
1321 1215 1379 1255 1512.

367 1527 506 1562 nouournr.
945 1479 1019 1564 XT.
1411 1504 1445 1558 at'.
1465 1525 1532 1560 avo,
1554 1516 1616 1555 15¹2.

337 1579 521 1591 ———
1023 1580 1045 1631 G
1394 1578 1634 1590 m*

655 1679 838 1741 nrrsrom
859 1640 1040 1775 nuruum
1048 1636 1106 1741 uo*
1118 1649 1313 1881 ΡΗΑᾮ

281 1837 326 1888 §.n
424 1818 487 1910 Nou
510 1817 608 1876 scribo
630 1834 709 1876 niune
731 1815 835 1877 breves
857 1817 892 1876 ad
915 1824 944 1876 te
966 1778 1079 1888 litoius,
1102 1817 1230 1893 Pbaebe,
1259 1820 1273 1901 Ἰ
1313 1836 1377 1879 eam
1400 1834 1527 1883 causam,
1552 1814 1634 1892 quod

337 1922 435 1981 itidem
459 1920 562 1979 breves
584 1919 636 1978 abs
659 1924 687 1978 te
710 1937 744 1978 ex
790 1925 870 2005 atoni,
893 1921 945 1979 sed
968 1920 1035 1998 quia
1057 1919 1098 1980 illi
1120 1923 1169 1999 qui
1185 1896 1318 1990 alioruin,
1342 1919 1454 2027 gagnei
1470 1937 1501 1976 se
1516 1922 1634 1995 putant,

337 2024 361 2084 si
383 2022 560 2085 maiuscula.
573 2021 729 2081 extiterint.
753 2020 860 2082 Verum
882 2029 915 2082 tu
937 2023 1008 2082 mibi
1031 2023 1148 2100 copiose
1170 2024 1207 2083 de
1229 2023 1318 2084 rebus
1340 2019 1476 2081 omuibus
1497 2017 1633 2107 senfbito,
1656 2046 1670 2084 ⁶

337 2145 409 2204 quas
432 2124 467 2184 ad
490 2143 537 2183 me
559 2126 706 2201 pertinere
728 2123 932 2192 arbitraberis;
962 2125 1049 2184 etiam
1071 2126 1149 2202 quod
1175 2125 1211 2185 ad
1234 2126 1293 2186 Tre
1316 2122 1413 2183 ellium
1442 2138 1633 2181 communem
1706 2114 1710 2129 ⁸

277 2249 322 2298 §.a
338 2229 463 2289 amioum
485 2210 636 2304 spectabit.
669 2226 772 2286 Adhuc
795 2225 955 2287 Vulcanum
976 2226 1112 2295 minutior,
1135 2246 1237 2287 nerum
1259 2123 1413 2313 bando
1436 2220 1635 2283 miserabilius

336 2350 425 2409 qnam
446 2347 554 2406 nuper:
577 2328 676 2406 neseio
699 2346 735 2386 an
758 2329 882 2388 fortunae
904 2328 962 2387 boe
984 2330 1182 2421 potiuqquam
1197 2327 1352 2391 temeritati
1367 2344 1438 2385 meae
1454 2323 1633 2391 adscribam,

336 2433 415 2510 quod
442 2431 512 2492 mibi
539 2433 569 2489 in
591 2437 691 2490 tenera
713 2437 797 2489 aetate
819 2428 906 2489 nullis
929 2429 1012 2491 malis
1034 2430 1195 2492 subeundis
1216 2429 1349 2509 peperei;
1377 2425 1508 2505 gratulor
1531 2433 1633 2483 tamen

336 2533 421 2603 mibi,
451 2533 529 2612 quod
560 2531 652 2592 bonas
679 2531 778 2592 literas
806 2532 956 2611 sequendo
979 2552 1012 2592 ea
1028 2552 1099 2611 quae
1121 2533 1240 2595 minime
1263 2529 1429 2610 ‹litterebam
1456 2528 1670 2590 im'eueriunro

277 2660 322 2710 §.a
339 2638 396 2698 Sed
420 2645 451 2697 tu
473 2635 542 2715 qnid
565 2636 645 2713 agis?
668 2634 751 2695 (lueis
773 2652 810 2693 an
832 2634 968 2694 duceris?
989 2635 1018 2694 id
1041 2642 1085 2695 est
1106 2651 1141 2695 ex
1163 2641 1207 2714 tot
1228 2631 1332 2711 puellis
1354 2629 1518 2691 Senonibus
1541 2647 1634 2688 urtam

337 2739 388 2799 tibi
411 2737 597 2798 matrimonio
621 2735 709 2814 (quod
731 2737 827 2812 nuper
846 2735 935 2813 aliqui
954 2736 1156 2813 sursurrabantl
1180 2734 1355 2801 conscribis,
1378 2750 1415 2792 an
1438 2737 1526 2808 callot
1540 2730 1633 2798 radis,

253 2831 258 2840 ’
337 2848 370 2900 ιιι
391 2839 496 2916 «lignus
518 2842 569 2898 lias
592 2836 724 2898 oreloatis-
738 2835 807 2896 boni
829 2838 1023 2897 ruminando?
1050 2857 1087 2897 an
1109 2838 1166 2898 boo
1187 2837 1265 2916 quod
1288 2842 1318 2895 tu
1348 2833 1527 2912 respondere
1554 2831 1634 2891 sole·

278 2942 406 3012 nabas,
435 2938 712 3016 l‘baebnslmanes‘l
741 2935 825 2998 Lmet
853 2937 973 3017 paulum
996 2940 1032 2999 de
1054 2958 1101 3000 mo
1123 2940 1267 3023 seribere,
1296 2939 1325 2996 in
1354 2935 1492 2997 umbilico
1522 2935 1635 2993 iriensis

337 3042 443 3120 Aprilis
465 3043 584 3118 l‘apiaur
607 3040 798 3101 Insubrorum
822 3042 927 3102 urbem
942 3029 1061 3109 intravi.
1078 3042 1116 3102 ibi
1137 3050 1169 3101 ut
1184 3060 1217 3101 ex
1234 3041 1365 3100 instituto
1380 3038 1494 3115 legibus
1509 3054 1675 3113 operarum

336 3144 446 3204 darem.
491 3145 602 3212 (linario
625 3161 725 3202 meuse
747 3150 901 3221 postquam
924 3145 1109 3211 intraveram,
1132 3163 1147 3202 a
1171 3141 1321 3202 Gallorum
1346 3139 1493 3206 militibus,
1517 3140 1567 3217 qm
1586 3157 1636 3197 ar·

336 3247 405 3305 mati
427 3245 532 3304 rrrlrenr
555 3245 693 3306 adversus
708 3243 853 3305 Helvetios
873 3244 1019 3319 tepebant,
1044 3253 1103 3304 tres
1123 3246 1184 3303 dius
1199 3245 1337 3321 integros,
1361 3260 1528 3322 tprarrquanr
1544 3243 1636 3300 etiam
1690 3295 1692 3297 ,

336 3347 418 3407 lebro
445 3345 597 3416 laborans,
627 3348 656 3406 in
684 3347 891 3421 angustissimo
921 3364 1039 3407 recessu
1067 3347 1172 3406 (lomus
1199 3345 1337 3405 obsessus
1365 3364 1444 3414 sum,
1474 3351 1637 3422 certusque

336 3450 411 3508 mori
433 3450 490 3510 boc
512 3449 581 3509 mibi
604 3435 782 3526 epitaphium
805 3448 859 3507 ieri
883 3455 911 3508 et
933 3450 1073 3527 scriptum
1096 3449 1232 3526 apposni:

276 3573 320 3622 §.a
423 3611 434 3619 ,
581 3551 635 3620 (lui
659 3550 765 3611 misere
788 3558 872 3611 natus
894 3549 1061 3610 miserabile
1083 3552 1196 3610 transiit
1210 3570 1325 3617 anum,
1644 3578 1674 3617 20

640 3652 723 3730 Saepe
746 3651 855 3711 malum
879 3659 971 3721 terra,
994 3671 1131 3731 melleque
1154 3671 1257 3730 quassus
1280 3672 1369 3731 aqua.

579 3754 633 3815 llio
654 3756 730 3814 iatzet
751 3753 911 3813 liuttenus:
934 3754 1007 3813 lialli
1030 3753 1068 3813 nil
1093 3753 1149 3813 tale
1172 3756 1296 3814 merenti

638 3856 784 3915 insontem
807 3855 909 3932 gladiis
932 3857 1066 3933 eripuere
1087 3858 1222 3916 animam.

578 3960 607 4017 ui
624 3951 685 4017 'sirit
707 3976 741 4017 ex
766 3960 839 4026 latu,
862 3965 900 4018 nt'
917 3965 994 4016 totns
1016 3958 1091 4018 male
1114 3959 1221 4017 viveret
1243 3976 1348 4026 anricus,

637 4059 774 4137 Optatunr
799 4067 854 4130 est,
879 4060 957 4137 qum
981 4067 1038 4119 tam
1062 4061 1174 4119 corruit
1196 4059 1242 4119 ille
1265 4062 1331 4119 rito.

579 4161 644 4238 lpse
666 4178 734 4221 snas
756 4143 846 4225 coluit
867 4180 921 4237 per
943 4160 1021 4220 mille
1044 4161 1172 4237 pericula
1195 4162 1305 4228 Musas,

639 4261 675 4319 Et
689 4264 796 4348 quanti
819 4264 927 4339 potnit,
951 4263 1087 4321 rarnriuis
1110 4270 1194 4321 utitor
1217 4272 1287 4324 erat.
1362 4274 1364 4277 ’

274 4386 319 4435 §.n
336 4366 424 4426 l'anlu
447 4364 598 4441 posthaec
621 4370 702 4439 raptu
726 4362 763 4421 ab
779 4361 914 4422 Helvetiis
938 4364 1012 4423 urbe
1035 4373 1172 4443 tanquam
1196 4366 1246 4447 qni
1268 4374 1361 4425 rastra
1378 4366 1530 4426 tialloruur
1548 4369 1634 4444 sequi

333 4467 435 4526 solitus
458 4484 562 4531 essem,
586 4465 648 4540 ipse
670 4483 787 4542 «querque
810 4475 913 4544 eaptus
935 4485 1014 4533 sum.
1037 4468 1177 4545 spoliatus
1200 4476 1228 4528 et
1250 4468 1453 4529 miserabiliter
1474 4467 1543 4526 bine
1564 4467 1636 4526 iude

334 4574 513 4645 pertractum,
537 4567 630 4624 donee
651 4566 783 4637 tandem,
807 4570 920 4628 antissis
943 4570 1117 4648 quibusdam
1140 4570 1224 4629 lionis
1247 4578 1276 4629 et
1303 4572 1448 4648 pecuniis,
1478 4568 1631 4629 liberatus.
1645 4593 1673 4635 ω

273 4696 318 4745 μ,
334 4669 426 4747 igitur
446 4669 514 4728 bino
536 4667 650 4727 soluens
666 4668 779 4729 ‹loserta
796 4671 869 4731 trrlre
885 4692 972 4731 omno
988 4693 1079 4751 genus
1096 4673 1189 4732 lrubis
1205 4680 1355 4750 oeorrpata,
1378 4672 1529 4748 sauguine.
1555 4672 1635 4731 lanio

332 4781 362 4832 et
383 4770 546 4850 pestilentia
568 4771 689 4840 inieota,
714 4771 875 4834 liononiam
899 4794 1000 4835 mense
1023 4774 1094 4835 lulio
1117 4776 1195 4851 petii.
1234 4774 1396 4834 Bononiam
1419 4775 1538 4852 inquom
1559 4774 1633 4834 illud

330 4959 378 5009 XI.
406 4957 465 5007 l:
477 4960 595 5007 Menum.
611 4957 708 5018 (ludio.
723 4959 790 5008 bibl.
805 4961 841 5009 11⁰.
856 4960 910 5023 uo.)
924 4978 949 5025 p.
957 4961 981 5010 9.
992 4961 1030 5010 10.
1079 4961 1326 5022 2--Wugeuseil
1347 4960 1424 5021 (ibid.
1438 4977 1464 5010 n,
1477 4960 1531 5023 71.)
1545 4962 1584 5011 n⁰.
1598 4978 1631 5011 11.

568 5058 592 5106 p.
601 5042 692 5095 brou.
745 5042 761 5092 3
773 5064 807 5086 :-
819 5046 898 5095 Hntt.
907 5046 1017 5095 bliineb.
1028 5046 1151 5100 (ibium.
1159 5046 1241 5099 rull.
1250 5063 1275 5110 p.
1286 5046 1342 5094 lat.
1350 5062 1391 5109 sq.

397 5196 408 5228 ²
421 5197 533 5245 Hutteri
547 5200 570 5245 1.
629 5197 769 5247 Hutteuns
783 5199 818 5247 ad
831 5200 1018 5249 l’lruelrum.2‚
1044 5199 1195 5249 Boltbnsar
1207 5200 1368 5259 Fabricius,
1388 5199 1486 5249 Foeha
1503 5201 1634 5250 svaeba

330 5282 377 5343 (ori
391 5282 528 5344 Werrnm)
542 5283 682 5332 oriundus.
735 5282 852 5349 ⁶Treb.]
867 5285 1054 5335 Hermuunum
1068 5285 1237 5334 Trebellium
1250 5286 1399 5333 Notionem
1412 5284 1632 5334 sivelsenacen-

329 5384 400 5428 sonu,
419 5367 519 5431 dequo
536 5367 600 5417 vide
618 5383 701 5431 supra
720 5366 794 5432 plu.
866 5369 1049 5420 ⁷Vulcanum
1067 5370 1190 5420 aemulor
1206 5374 1223 5419 i.
1237 5387 1259 5419 e.
1273 5371 1378 5420 claudus
1393 5385 1455 5419 sum.
1526 5369 1548 5401 ¹²
1567 5385 1632 5418 eon-

329 5453 437 5503 seribns
452 5455 476 5500 1.
547 5452 568 5483 ¹⁴
588 5453 667 5502 Ludit
680 5452 800 5518 unrdiynia
812 5454 895 5503 verbis
907 5455 1019 5505 Foebus
1031 5462 1057 5505 et
1074 5470 1177 5520 vagus,
1197 5459 1213 5504 i.
1227 5472 1249 5504 e.
1263 5455 1364 5504 caelebs.
1436 5452 1458 5484 ¹⁶
1476 5454 1517 5504 ibi
1530 5470 1591 5504 eum
1604 5457 1632 5504 1.

328 5536 351 5569 ²⁷
370 5540 447 5602 potui
462 5541 485 5585 1.
