<?xml version="1.0" encoding="UTF-8"?>
<!DOCTYPE html PUBLIC "-//W3C//DTD XHTML 1.0 Transitional//EN"
    "http://www.w3.org/TR/xhtml1/DTD/xhtml1-transitional.dtd">
<html xmlns="http://www.w3.org/1999/xhtml" xml:lang="en" lang="en">
 <head>
  <title>
</title>
<meta http-equiv="Content-Type" content="text/html;charset=utf-8" />
  <meta name='ocr-system' content='tesseract 3.04.00' />
  <meta name='ocr-capabilities' content='ocr_page ocr_carea ocr_par ocr_line ocrx_word'/>
</head>
<body>
  <div class='ocr_page' id='page_1' title='image "./ulrichihuttenie00huttgoog_0237.png"; bbox 0 0 3625 7050; ppageno 0'>
   <div class='ocr_carea' id='block_1_1' title="bbox 324 1210 1262 1263">
    <p class='ocr_par' dir='ltr' id='par_1_1' title="bbox 324 1210 1262 1263">
     <span class='ocr_line' id='line_1_1' title="bbox 324 1210 1262 1263; baseline -0.014 0"><span class='ocrx_word' id='word_1_1' title='bbox 324 1210 447 1263; x_wconf 83' lang='lat' dir='ltr'>XXXVI.</span> <span class='ocrx_word' id='word_1_2' title='bbox 467 1218 488 1258; x_wconf 85' lang='lat'>1.</span> <span class='ocrx_word' id='word_1_3' title='bbox 506 1222 644 1261; x_wconf 69' lang='lat' dir='ltr'>errarent</span> <span class='ocrx_word' id='word_1_4' title='bbox 655 1222 693 1258; x_wconf 70' lang='lat' dir='ltr'>an</span> <span class='ocrx_word' id='word_1_5' title='bbox 706 1220 920 1258; x_wconf 74' lang='lat' dir='ltr'>naxanrurauvir</span> <span class='ocrx_word' id='word_1_6' title='bbox 932 1220 998 1256; x_wconf 63' lang='lat' dir='ltr'>cmo.</span> <span class='ocrx_word' id='word_1_7' title='bbox 1012 1219 1115 1254; x_wconf 68' lang='lat' dir='ltr'>mamm</span> <span class='ocrx_word' id='word_1_8' title='bbox 1128 1216 1262 1254; x_wconf 82' lang='lat' dir='ltr'>rrcrrcu.</span> 
     </span>
    </p>
   </div>
   <div class='ocr_carea' id='block_1_2' title="bbox 240 1362 1240 5223">
    <p class='ocr_par' dir='ltr' id='par_1_2' title="bbox 240 1362 1240 5223">
     <span class='ocr_line' id='line_1_2' title="bbox 297 1362 1228 1454; baseline -0.01 -13"><span class='ocrx_word' id='word_1_9' title='bbox 297 1381 404 1442; x_wconf 86' lang='lat' dir='ltr'>Forma</span> <span class='ocrx_word' id='word_1_10' title='bbox 424 1379 479 1441; x_wconf 91' lang='lat' dir='ltr'>tibi</span> <span class='ocrx_word' id='word_1_11' title='bbox 501 1377 621 1448; x_wconf 88' lang='lat' dir='ltr'>colitur,</span> <span class='ocrx_word' id='word_1_12' title='bbox 644 1377 697 1438; x_wconf 92' lang='lat' dir='ltr'>tibi</span> <span class='ocrx_word' id='word_1_13' title='bbox 718 1384 817 1438; x_wconf 86' lang='lat' dir='ltr'>nostra</span> <span class='ocrx_word' id='word_1_14' title='bbox 841 1362 959 1454; x_wconf 78' lang='lat' dir='ltr'>placere</span> <span class='ocrx_word' id='word_1_15' title='bbox 979 1374 1109 1442; x_wconf 90' lang='lat' dir='ltr'>laborat;</span> <span class='ocrx_word' id='word_1_16' title='bbox 1220 1364 1228 1380; x_wconf 79' lang='lat'>⁸</span> 
     </span>
     <span class='ocr_line' id='line_1_3' title="bbox 368 1476 1031 1559; baseline -0.011 -16"><span class='ocrx_word' id='word_1_17' title='bbox 368 1481 452 1543; x_wconf 84' lang='lat' dir='ltr'>Nune</span> <span class='ocrx_word' id='word_1_18' title='bbox 473 1481 558 1550; x_wconf 90' lang='lat' dir='ltr'>latet;</span> <span class='ocrx_word' id='word_1_19' title='bbox 581 1485 703 1559; x_wconf 88' lang='lat' dir='ltr'>accepto</span> <span class='ocrx_word' id='word_1_20' title='bbox 725 1487 754 1540; x_wconf 88' lang='lat' dir='ltr'>te</span> <span class='ocrx_word' id='word_1_21' title='bbox 775 1478 852 1540; x_wconf 86' lang='lat' dir='ltr'>redit</span> <span class='ocrx_word' id='word_1_22' title='bbox 873 1476 923 1538; x_wconf 91' lang='lat' dir='ltr'>ille</span> <span class='ocrx_word' id='word_1_23' title='bbox 943 1477 1031 1537; x_wconf 80' lang='lat' dir='ltr'>nitor.</span> 
     </span>
     <span class='ocr_line' id='line_1_4' title="bbox 297 1577 1158 1662; baseline -0.01 -16"><span class='ocrx_word' id='word_1_24' title='bbox 297 1585 371 1646; x_wconf 77' lang='lat' dir='ltr'>Ante</span> <span class='ocrx_word' id='word_1_25' title='bbox 391 1590 477 1662; x_wconf 89' lang='lat' dir='ltr'>pater</span> <span class='ocrx_word' id='word_1_26' title='bbox 499 1599 640 1660; x_wconf 88' lang='lat' dir='ltr'>superum</span> <span class='ocrx_word' id='word_1_27' title='bbox 663 1581 770 1662; x_wconf 77' lang='lat' dir='ltr'>Stygiis</span> <span class='ocrx_word' id='word_1_28' title='bbox 792 1599 839 1642; x_wconf 87' lang='lat' dir='ltr'>me</span> <span class='ocrx_word' id='word_1_29' title='bbox 861 1579 1023 1642; x_wconf 83' lang='lat' dir='ltr'>admoverit</span> <span class='ocrx_word' id='word_1_30' title='bbox 1044 1577 1158 1639; x_wconf 88' lang='lat' dir='ltr'>umbris</span> 
     </span>
     <span class='ocr_line' id='line_1_5' title="bbox 240 1684 1006 1777; baseline -0.01 -28"><span class='ocrx_word' id='word_1_31' title='bbox 240 1708 267 1749; x_wconf 78' lang='lat' dir='ltr'>re</span> <span class='ocrx_word' id='word_1_32' title='bbox 367 1684 501 1747; x_wconf 87' lang='lat' dir='ltr'>Fulmine</span> <span class='ocrx_word' id='word_1_33' title='bbox 521 1684 661 1777; x_wconf 72' lang='lat' dir='ltr'>turritum</span> <span class='ocrx_word' id='word_1_34' title='bbox 683 1684 888 1762; x_wconf 84' lang='lat' dir='ltr'>concutiatque</span> <span class='ocrx_word' id='word_1_35' title='bbox 910 1688 1006 1760; x_wconf 87' lang='lat' dir='ltr'>capnt,</span> 
     </span>
     <span class='ocr_line' id='line_1_6' title="bbox 247 1783 1117 1885; baseline -0.009 -36"><span class='ocrx_word' id='word_1_36' title='bbox 247 1822 249 1827; x_wconf 94' lang='lat'><em>·</em></span> <span class='ocrx_word' id='word_1_37' title='bbox 298 1785 391 1858; x_wconf 80' lang='lat' dir='ltr'>Quam</span> <span class='ocrx_word' id='word_1_38' title='bbox 413 1789 468 1847; x_wconf 88' lang='lat' dir='ltr'>nisi</span> <span class='ocrx_word' id='word_1_39' title='bbox 491 1794 519 1847; x_wconf 89' lang='lat' dir='ltr'>te</span> <span class='ocrx_word' id='word_1_40' title='bbox 541 1786 696 1885; x_wconf 63' lang='lat' dir='ltr'>quisquam</span> <span class='ocrx_word' id='word_1_41' title='bbox 717 1786 813 1846; x_wconf 84' lang='lat' dir='ltr'>videat</span> <span class='ocrx_word' id='word_1_42' title='bbox 835 1783 965 1862; x_wconf 80' lang='lat' dir='ltr'>gaudere</span> <span class='ocrx_word' id='word_1_43' title='bbox 986 1787 1117 1859; x_wconf 87' lang='lat' dir='ltr'>recepto,</span> 
     </span>
     <span class='ocr_line' id='line_1_7' title="bbox 369 1885 1125 1968; baseline -0.009 -19"><span class='ocrx_word' id='word_1_44' title='bbox 369 1888 505 1968; x_wconf 90' lang='lat' dir='ltr'>Squallor</span> <span class='ocrx_word' id='word_1_45' title='bbox 527 1889 557 1949; x_wconf 90' lang='lat' dir='ltr'>in</span> <span class='ocrx_word' id='word_1_46' title='bbox 579 1888 721 1948; x_wconf 84' lang='lat' dir='ltr'>adrentus</span> <span class='ocrx_word' id='word_1_47' title='bbox 742 1885 789 1946; x_wconf 89' lang='lat' dir='ltr'>bie</span> <span class='ocrx_word' id='word_1_48' title='bbox 811 1892 911 1947; x_wconf 91' lang='lat' dir='ltr'>manet</span> <span class='ocrx_word' id='word_1_49' title='bbox 932 1902 1026 1963; x_wconf 86' lang='lat' dir='ltr'>usque</span> <span class='ocrx_word' id='word_1_50' title='bbox 1048 1891 1125 1946; x_wconf 72' lang='lat' dir='ltr'>tuos,</span> 
     </span>
     <span class='ocr_line' id='line_1_8' title="bbox 298 1987 1115 2069; baseline -0.006 -17"><span class='ocrx_word' id='word_1_51' title='bbox 298 1991 371 2069; x_wconf 86' lang='lat' dir='ltr'>Spes</span> <span class='ocrx_word' id='word_1_52' title='bbox 392 1990 475 2051; x_wconf 89' lang='lat' dir='ltr'>sedet</span> <span class='ocrx_word' id='word_1_53' title='bbox 496 1991 573 2052; x_wconf 93' lang='lat' dir='ltr'>banc</span> <span class='ocrx_word' id='word_1_54' title='bbox 594 2007 648 2067; x_wconf 89' lang='lat' dir='ltr'>per</span> <span class='ocrx_word' id='word_1_55' title='bbox 669 1995 699 2049; x_wconf 91' lang='lat' dir='ltr'>te</span> <span class='ocrx_word' id='word_1_56' title='bbox 720 1989 885 2049; x_wconf 88' lang='lat' dir='ltr'>cunctando</span> <span class='ocrx_word' id='word_1_57' title='bbox 907 1987 1021 2048; x_wconf 88' lang='lat' dir='ltr'>restitui</span> <span class='ocrx_word' id='word_1_58' title='bbox 1042 2005 1115 2056; x_wconf 87' lang='lat' dir='ltr'>rem,</span> 
     </span>
     <span class='ocr_line' id='line_1_9' title="bbox 242 2087 1002 2163; baseline -0.012 -6"><span class='ocrx_word' id='word_1_59' title='bbox 242 2116 269 2157; x_wconf 77' lang='lat' dir='ltr'>ao</span> <span class='ocrx_word' id='word_1_60' title='bbox 368 2091 439 2163; x_wconf 78' lang='lat' dir='ltr'>011ae</span> <span class='ocrx_word' id='word_1_61' title='bbox 460 2109 540 2152; x_wconf 80' lang='lat' dir='ltr'>utine</span> <span class='ocrx_word' id='word_1_62' title='bbox 562 2092 679 2152; x_wconf 79' lang='lat' dir='ltr'>fortuna</span> <span class='ocrx_word' id='word_1_63' title='bbox 702 2091 886 2151; x_wconf 79' lang='lat' dir='ltr'>concutiente</span> <span class='ocrx_word' id='word_1_64' title='bbox 908 2087 1002 2149; x_wconf 86' lang='lat' dir='ltr'>labat:</span> 
     </span>
     <span class='ocr_line' id='line_1_10' title="bbox 299 2191 1064 2271; baseline -0.008 -16"><span class='ocrx_word' id='word_1_65' title='bbox 299 2193 384 2255; x_wconf 90' lang='lat' dir='ltr'>Solor</span> <span class='ocrx_word' id='word_1_66' title='bbox 407 2201 436 2255; x_wconf 93' lang='lat' dir='ltr'>et</span> <span class='ocrx_word' id='word_1_67' title='bbox 457 2195 520 2271; x_wconf 87' lang='lat' dir='ltr'>ipsa</span> <span class='ocrx_word' id='word_1_68' title='bbox 542 2212 623 2254; x_wconf 89' lang='lat' dir='ltr'>meas</span> <span class='ocrx_word' id='word_1_69' title='bbox 644 2193 760 2252; x_wconf 86' lang='lat' dir='ltr'>deserta</span> <span class='ocrx_word' id='word_1_70' title='bbox 783 2198 934 2269; x_wconf 88' lang='lat' dir='ltr'>utcunque</span> <span class='ocrx_word' id='word_1_71' title='bbox 955 2191 1064 2260; x_wconf 75' lang='lat' dir='ltr'>retinas,</span> 
     </span>
     <span class='ocr_line' id='line_1_11' title="bbox 369 2294 913 2372; baseline -0.009 -16"><span class='ocrx_word' id='word_1_72' title='bbox 369 2295 519 2356; x_wconf 80' lang='lat' dir='ltr'>Excusare</span> <span class='ocrx_word' id='word_1_73' title='bbox 539 2302 606 2356; x_wconf 85' lang='lat' dir='ltr'>tuas</span> <span class='ocrx_word' id='word_1_74' title='bbox 627 2294 777 2372; x_wconf 82' lang='lat' dir='ltr'>ingeniosa</span> <span class='ocrx_word' id='word_1_75' title='bbox 799 2308 913 2361; x_wconf 90' lang='lat' dir='ltr'>moras;</span> 
     </span>
     <span class='ocr_line' id='line_1_12' title="bbox 299 2393 1154 2476; baseline -0.006 -18"><span class='ocrx_word' id='word_1_76' title='bbox 299 2397 336 2458; x_wconf 76' lang='lat' dir='ltr'>lit</span> <span class='ocrx_word' id='word_1_77' title='bbox 357 2399 471 2476; x_wconf 89' lang='lat' dir='ltr'>quoties</span> <span class='ocrx_word' id='word_1_78' title='bbox 493 2397 617 2474; x_wconf 87' lang='lat' dir='ltr'>sumptis</span> <span class='ocrx_word' id='word_1_79' title='bbox 639 2397 792 2475; x_wconf 83' lang='lat' dir='ltr'>quisquam</span> <span class='ocrx_word' id='word_1_80' title='bbox 815 2413 863 2456; x_wconf 90' lang='lat' dir='ltr'>me</span> <span class='ocrx_word' id='word_1_81' title='bbox 884 2393 1035 2456; x_wconf 87' lang='lat' dir='ltr'>invaderet</span> <span class='ocrx_word' id='word_1_82' title='bbox 1055 2393 1154 2461; x_wconf 89' lang='lat' dir='ltr'>armis,</span> 
     </span>
     <span class='ocr_line' id='line_1_13' title="bbox 244 2494 1104 2563; baseline -0.005 -5"><span class='ocrx_word' id='word_1_83' title='bbox 244 2519 270 2559; x_wconf 77' lang='lat' dir='ltr'>aa</span> <span class='ocrx_word' id='word_1_84' title='bbox 368 2499 439 2559; x_wconf 87' lang='lat' dir='ltr'>‘Sub</span> <span class='ocrx_word' id='word_1_85' title='bbox 462 2498 590 2559; x_wconf 88' lang='lat' dir='ltr'>domino&#39;</span> <span class='ocrx_word' id='word_1_86' title='bbox 612 2499 671 2558; x_wconf 82' lang='lat' dir='ltr'>dixi</span> <span class='ocrx_word' id='word_1_87' title='bbox 694 2497 816 2558; x_wconf 82' lang='lat' dir='ltr'>‘vindice</span> <span class='ocrx_word' id='word_1_88' title='bbox 839 2514 927 2558; x_wconf 80' lang='lat' dir='ltr'>cauea</span> <span class='ocrx_word' id='word_1_89' title='bbox 948 2515 1014 2557; x_wconf 91' lang='lat' dir='ltr'>mea</span> <span class='ocrx_word' id='word_1_90' title='bbox 1036 2494 1104 2563; x_wconf 84' lang='lat' dir='ltr'>est&#39;;</span> 
     </span>
     <span class='ocr_line' id='line_1_14' title="bbox 301 2597 1180 2678; baseline -0.005 -16"><span class='ocrx_word' id='word_1_91' title='bbox 301 2600 360 2662; x_wconf 85' lang='lat' dir='ltr'>Nee</span> <span class='ocrx_word' id='word_1_92' title='bbox 382 2600 461 2678; x_wconf 89' lang='lat' dir='ltr'>quod</span> <span class='ocrx_word' id='word_1_93' title='bbox 482 2600 556 2659; x_wconf 88' lang='lat' dir='ltr'>victa</span> <span class='ocrx_word' id='word_1_94' title='bbox 579 2617 717 2678; x_wconf 87' lang='lat' dir='ltr'>premor,</span> <span class='ocrx_word' id='word_1_95' title='bbox 740 2597 818 2659; x_wconf 91' lang='lat' dir='ltr'>ultro</span> <span class='ocrx_word' id='word_1_96' title='bbox 840 2599 945 2658; x_wconf 87' lang='lat' dir='ltr'>victam</span> <span class='ocrx_word' id='word_1_97' title='bbox 968 2615 1033 2658; x_wconf 84' lang='lat' dir='ltr'>esse</span> <span class='ocrx_word' id='word_1_98' title='bbox 1054 2597 1180 2676; x_wconf 87' lang='lat' dir='ltr'>putabis,</span> 
     </span>
     <span class='ocr_line' id='line_1_15' title="bbox 372 2699 1042 2779; baseline 0 -19"><span class='ocrx_word' id='word_1_99' title='bbox 372 2700 466 2762; x_wconf 85' lang='lat' dir='ltr'><strong>Omne</strong></span> <span class='ocrx_word' id='word_1_100' title='bbox 488 2699 643 2762; x_wconf 71' lang='lat' dir='ltr'>reluctanti</span> <span class='ocrx_word' id='word_1_101' title='bbox 666 2701 744 2779; x_wconf 83' lang='lat' dir='ltr'>quod</span> <span class='ocrx_word' id='word_1_102' title='bbox 768 2700 831 2761; x_wconf 88' lang='lat' dir='ltr'>iero</span> <span class='ocrx_word' id='word_1_103' title='bbox 853 2701 931 2761; x_wconf 91' lang='lat' dir='ltr'>venit</span> <span class='ocrx_word' id='word_1_104' title='bbox 952 2717 1042 2769; x_wconf 79' lang='lat' dir='ltr'>onus;</span> 
     </span>
     <span class='ocr_line' id='line_1_16' title="bbox 303 2799 1049 2872; baseline -0.003 -10"><span class='ocrx_word' id='word_1_105' title='bbox 303 2802 399 2863; x_wconf 84' lang='lat' dir='ltr'>Donec</span> <span class='ocrx_word' id='word_1_106' title='bbox 422 2801 508 2872; x_wconf 77' lang='lat' dir='ltr'>abeo,</span> <span class='ocrx_word' id='word_1_107' title='bbox 532 2803 627 2864; x_wconf 89' lang='lat' dir='ltr'>donec</span> <span class='ocrx_word' id='word_1_108' title='bbox 648 2803 729 2862; x_wconf 87' lang='lat' dir='ltr'>sinor</span> <span class='ocrx_word' id='word_1_109' title='bbox 750 2802 916 2870; x_wconf 76' lang='lat' dir='ltr'>indefensa,</span> <span class='ocrx_word' id='word_1_110' title='bbox 938 2799 1049 2862; x_wconf 79' lang='lat' dir='ltr'>tenebit</span> 
     </span>
     <span class='ocr_line' id='line_1_17' title="bbox 245 2903 950 2983; baseline 0 -20"><span class='ocrx_word' id='word_1_111' title='bbox 245 2923 272 2963; x_wconf 72' lang='lat' dir='ltr'>ea</span> <span class='ocrx_word' id='word_1_112' title='bbox 372 2904 495 2964; x_wconf 81' lang='lat' dir='ltr'>Invitam</span> <span class='ocrx_word' id='word_1_113' title='bbox 517 2905 648 2983; x_wconf 86' lang='lat' dir='ltr'>quisquis</span> <span class='ocrx_word' id='word_1_114' title='bbox 671 2903 799 2981; x_wconf 84' lang='lat' dir='ltr'>possidet</span> <span class='ocrx_word' id='word_1_115' title='bbox 821 2903 950 2970; x_wconf 90' lang='lat' dir='ltr'>ltaliam;</span> 
     </span>
     <span class='ocr_line' id='line_1_18' title="bbox 304 3004 1137 3085; baseline 0 -20"><span class='ocrx_word' id='word_1_116' title='bbox 304 3005 377 3075; x_wconf 84' lang='lat' dir='ltr'>Nee,</span> <span class='ocrx_word' id='word_1_117' title='bbox 400 3005 471 3084; x_wconf 90' lang='lat' dir='ltr'>quid</span> <span class='ocrx_word' id='word_1_118' title='bbox 493 3014 560 3085; x_wconf 79' lang='lat' dir='ltr'>aget</span> <span class='ocrx_word' id='word_1_119' title='bbox 581 3005 690 3067; x_wconf 90' lang='lat' dir='ltr'>blando</span> <span class='ocrx_word' id='word_1_120' title='bbox 712 3006 762 3084; x_wconf 93' lang='lat' dir='ltr'>qui</span> <span class='ocrx_word' id='word_1_121' title='bbox 783 3023 831 3065; x_wconf 91' lang='lat' dir='ltr'>me</span> <span class='ocrx_word' id='word_1_122' title='bbox 852 3005 905 3064; x_wconf 91' lang='lat' dir='ltr'>tibi</span> <span class='ocrx_word' id='word_1_123' title='bbox 927 3004 1054 3065; x_wconf 84' lang='lat' dir='ltr'>detrabit</span> <span class='ocrx_word' id='word_1_124' title='bbox 1076 3023 1137 3074; x_wconf 91' lang='lat' dir='ltr'>ore,</span> 
     </span>
     <span class='ocr_line' id='line_1_19' title="bbox 372 3105 957 3185; baseline 0.002 -19"><span class='ocrx_word' id='word_1_125' title='bbox 372 3105 512 3166; x_wconf 85' lang='lat' dir='ltr'>Pollicitis</span> <span class='ocrx_word' id='word_1_126' title='bbox 531 3114 631 3185; x_wconf 84' lang='lat' dir='ltr'>partes</span> <span class='ocrx_word' id='word_1_127' title='bbox 653 3106 741 3167; x_wconf 83' lang='lat' dir='ltr'>allicit</span> <span class='ocrx_word' id='word_1_128' title='bbox 762 3107 851 3185; x_wconf 89' lang='lat' dir='ltr'>inque</span> <span class='ocrx_word' id='word_1_129' title='bbox 873 3124 957 3167; x_wconf 86' lang='lat' dir='ltr'>suae:</span> 
     </span>
     <span class='ocr_line' id='line_1_20' title="bbox 303 3205 1240 3288; baseline 0.001 -20"><span class='ocrx_word' id='word_1_130' title='bbox 303 3205 357 3277; x_wconf 83' lang='lat' dir='ltr'>Qui</span> <span class='ocrx_word' id='word_1_131' title='bbox 379 3208 451 3268; x_wconf 90' lang='lat' dir='ltr'>mihi</span> <span class='ocrx_word' id='word_1_132' title='bbox 473 3209 585 3288; x_wconf 81' lang='lat' dir='ltr'>grande</span> <span class='ocrx_word' id='word_1_133' title='bbox 606 3210 711 3278; x_wconf 76' lang='lat' dir='ltr'>decue,</span> <span class='ocrx_word' id='word_1_134' title='bbox 733 3209 805 3269; x_wconf 83' lang='lat' dir='ltr'>milri</span> <span class='ocrx_word' id='word_1_135' title='bbox 827 3210 877 3288; x_wconf 91' lang='lat' dir='ltr'>qui</span> <span class='ocrx_word' id='word_1_136' title='bbox 899 3209 1034 3287; x_wconf 91' lang='lat' dir='ltr'>promisit</span> <span class='ocrx_word' id='word_1_137' title='bbox 1055 3209 1208 3277; x_wconf 89' lang='lat' dir='ltr'>honorem,</span> <span class='ocrx_word' id='word_1_138' title='bbox 1237 3234 1240 3240; x_wconf 92' lang='lat'>·</span> 
     </span>
     <span class='ocr_line' id='line_1_21' title="bbox 250 3309 1120 3393; baseline -0.005 -20"><span class='ocrx_word' id='word_1_139' title='bbox 250 3331 275 3373; x_wconf 82' lang='lat' dir='ltr'>aa</span> <span class='ocrx_word' id='word_1_140' title='bbox 373 3309 454 3393; x_wconf 81' lang='lat' dir='ltr'>Unus</span> <span class='ocrx_word' id='word_1_141' title='bbox 476 3309 587 3380; x_wconf 83' lang='lat' dir='ltr'>bonos,</span> <span class='ocrx_word' id='word_1_142' title='bbox 610 3328 702 3371; x_wconf 92' lang='lat' dir='ltr'>unum</span> <span class='ocrx_word' id='word_1_143' title='bbox 725 3318 770 3370; x_wconf 87' lang='lat' dir='ltr'>est</span> <span class='ocrx_word' id='word_1_144' title='bbox 791 3310 913 3372; x_wconf 77' lang='lat' dir='ltr'>Caesaris</span> <span class='ocrx_word' id='word_1_145' title='bbox 936 3328 1000 3372; x_wconf 86' lang='lat' dir='ltr'>esse</span> <span class='ocrx_word' id='word_1_146' title='bbox 1021 3312 1120 3372; x_wconf 86' lang='lat' dir='ltr'>decus.</span> 
     </span>
     <span class='ocr_line' id='line_1_22' title="bbox 303 3408 1081 3492; baseline 0.003 -22"><span class='ocrx_word' id='word_1_147' title='bbox 303 3408 348 3470; x_wconf 88' lang='lat' dir='ltr'>lle</span> <span class='ocrx_word' id='word_1_148' title='bbox 369 3429 417 3471; x_wconf 89' lang='lat' dir='ltr'>res</span> <span class='ocrx_word' id='word_1_149' title='bbox 439 3411 575 3489; x_wconf 79' lang='lat' dir='ltr'>pollicitis</span> <span class='ocrx_word' id='word_1_150' title='bbox 597 3411 775 3474; x_wconf 83' lang='lat' dir='ltr'>Venetorum</span> <span class='ocrx_word' id='word_1_151' title='bbox 796 3412 964 3491; x_wconf 80' lang='lat' dir='ltr'>ingentibus</span> <span class='ocrx_word' id='word_1_152' title='bbox 986 3420 1081 3492; x_wconf 81' lang='lat' dir='ltr'>urget,</span> 
     </span>
     <span class='ocr_line' id='line_1_23' title="bbox 372 3512 1022 3585; baseline 0.005 -12"><span class='ocrx_word' id='word_1_153' title='bbox 372 3513 506 3575; x_wconf 82' lang='lat' dir='ltr'>Tentarit</span> <span class='ocrx_word' id='word_1_154' title='bbox 527 3527 657 3575; x_wconf 85' lang='lat' dir='ltr'>nostram</span> <span class='ocrx_word' id='word_1_155' title='bbox 681 3512 772 3574; x_wconf 85' lang='lat' dir='ltr'>Galba</span> <span class='ocrx_word' id='word_1_156' title='bbox 795 3513 902 3575; x_wconf 90' lang='lat' dir='ltr'>blanda</span> <span class='ocrx_word' id='word_1_157' title='bbox 926 3515 1022 3585; x_wconf 85' lang='lat' dir='ltr'>iidem,</span> 
     </span>
     <span class='ocr_line' id='line_1_24' title="bbox 302 3615 1128 3696; baseline 0.008 -21"><span class='ocrx_word' id='word_1_158' title='bbox 302 3615 334 3675; x_wconf 94' lang='lat' dir='ltr'>ln</span> <span class='ocrx_word' id='word_1_159' title='bbox 357 3617 514 3695; x_wconf 83' lang='lat' dir='ltr'>medioque</span> <span class='ocrx_word' id='word_1_160' title='bbox 535 3618 593 3677; x_wconf 90' lang='lat' dir='ltr'>mei</span> <span class='ocrx_word' id='word_1_161' title='bbox 615 3616 734 3696; x_wconf 86' lang='lat' dir='ltr'>quidam</span> <span class='ocrx_word' id='word_1_162' title='bbox 757 3615 944 3686; x_wconf 78' lang='lat' dir='ltr'>exhortatur,</span> <span class='ocrx_word' id='word_1_163' title='bbox 971 3625 1002 3678; x_wconf 91' lang='lat' dir='ltr'>nt</span> <span class='ocrx_word' id='word_1_164' title='bbox 1024 3618 1128 3682; x_wconf 86' lang='lat' dir='ltr'>ausim.</span> 
     </span>
     <span class='ocr_line' id='line_1_25' title="bbox 249 3717 1028 3798; baseline 0.001 -20"><span class='ocrx_word' id='word_1_165' title='bbox 249 3737 274 3778; x_wconf 81' lang='lat' dir='ltr'>aa</span> <span class='ocrx_word' id='word_1_166' title='bbox 372 3717 465 3787; x_wconf 83' lang='lat' dir='ltr'>Quam</span> <span class='ocrx_word' id='word_1_167' title='bbox 488 3719 560 3780; x_wconf 86' lang='lat' dir='ltr'>dare</span> <span class='ocrx_word' id='word_1_168' title='bbox 581 3725 614 3779; x_wconf 93' lang='lat' dir='ltr'>tu</span> <span class='ocrx_word' id='word_1_169' title='bbox 635 3718 744 3797; x_wconf 85' lang='lat' dir='ltr'>possis,</span> <span class='ocrx_word' id='word_1_170' title='bbox 768 3717 906 3779; x_wconf 87' lang='lat' dir='ltr'>uberiora</span> <span class='ocrx_word' id='word_1_171' title='bbox 928 3721 1028 3798; x_wconf 90' lang='lat' dir='ltr'>sequi:</span> 
     </span>
     <span class='ocr_line' id='line_1_26' title="bbox 302 3819 1017 3900; baseline 0.003 -21"><span class='ocrx_word' id='word_1_172' title='bbox 302 3819 399 3880; x_wconf 71' lang='lat' dir='ltr'>averti</span> <span class='ocrx_word' id='word_1_173' title='bbox 420 3822 560 3900; x_wconf 88' lang='lat' dir='ltr'>tenuique</span> <span class='ocrx_word' id='word_1_174' title='bbox 582 3837 701 3882; x_wconf 89' lang='lat' dir='ltr'>manum</span> <span class='ocrx_word' id='word_1_175' title='bbox 725 3827 901 3899; x_wconf 89' lang='lat' dir='ltr'>pactumque</span> <span class='ocrx_word' id='word_1_176' title='bbox 923 3822 1017 3898; x_wconf 82' lang='lat' dir='ltr'>reiugi</span> 
     </span>
     <span class='ocr_line' id='line_1_27' title="bbox 374 3921 1086 4001; baseline -0.004 -18"><span class='ocrx_word' id='word_1_177' title='bbox 374 3922 514 4001; x_wconf 85' lang='lat' dir='ltr'>Donaque</span> <span class='ocrx_word' id='word_1_178' title='bbox 537 3924 713 4000; x_wconf 86' lang='lat' dir='ltr'>contempsi,</span> <span class='ocrx_word' id='word_1_179' title='bbox 736 3940 796 3983; x_wconf 93' lang='lat' dir='ltr'>non</span> <span class='ocrx_word' id='word_1_180' title='bbox 818 3922 968 4001; x_wconf 82' lang='lat' dir='ltr'>habuique</span> <span class='ocrx_word' id='word_1_181' title='bbox 989 3921 1086 3982; x_wconf 81' lang='lat' dir='ltr'>sideni.</span> 
     </span>
     <span class='ocr_line' id='line_1_28' title="bbox 301 4022 1051 4093; baseline -0.001 -10"><span class='ocrx_word' id='word_1_182' title='bbox 301 4022 335 4083; x_wconf 95' lang='lat' dir='ltr'>ln</span> <span class='ocrx_word' id='word_1_183' title='bbox 357 4030 386 4084; x_wconf 92' lang='lat' dir='ltr'>te</span> <span class='ocrx_word' id='word_1_184' title='bbox 408 4023 488 4084; x_wconf 91' lang='lat' dir='ltr'>solus</span> <span class='ocrx_word' id='word_1_185' title='bbox 510 4042 608 4093; x_wconf 90' lang='lat' dir='ltr'>amor,</span> <span class='ocrx_word' id='word_1_186' title='bbox 631 4025 712 4084; x_wconf 90' lang='lat' dir='ltr'>inte</span> <span class='ocrx_word' id='word_1_187' title='bbox 734 4042 799 4085; x_wconf 91' lang='lat' dir='ltr'>mea</span> <span class='ocrx_word' id='word_1_188' title='bbox 821 4024 881 4084; x_wconf 91' lang='lat' dir='ltr'>sola</span> <span class='ocrx_word' id='word_1_189' title='bbox 904 4023 1051 4083; x_wconf 86' lang='lat' dir='ltr'>voluntas:</span> 
     </span>
     <span class='ocr_line' id='line_1_29' title="bbox 246 4126 1176 4205; baseline -0.002 -19"><span class='ocrx_word' id='word_1_190' title='bbox 246 4145 272 4186; x_wconf 83' lang='lat' dir='ltr'>ro</span> <span class='ocrx_word' id='word_1_191' title='bbox 371 4127 427 4186; x_wconf 75' lang='lat' dir='ltr'>Aut</span> <span class='ocrx_word' id='word_1_192' title='bbox 449 4144 600 4204; x_wconf 89' lang='lat' dir='ltr'>nunqnam</span> <span class='ocrx_word' id='word_1_193' title='bbox 621 4135 672 4186; x_wconf 92' lang='lat' dir='ltr'>aut</span> <span class='ocrx_word' id='word_1_194' title='bbox 694 4144 747 4205; x_wconf 89' lang='lat' dir='ltr'>per</span> <span class='ocrx_word' id='word_1_195' title='bbox 768 4134 798 4187; x_wconf 94' lang='lat' dir='ltr'>te</span> <span class='ocrx_word' id='word_1_196' title='bbox 820 4126 913 4187; x_wconf 90' lang='lat' dir='ltr'>libera</span> <span class='ocrx_word' id='word_1_197' title='bbox 935 4133 1014 4187; x_wconf 90' lang='lat' dir='ltr'>terra</span> <span class='ocrx_word' id='word_1_198' title='bbox 1036 4142 1101 4186; x_wconf 85' lang='lat' dir='ltr'>nroa</span> <span class='ocrx_word' id='word_1_199' title='bbox 1124 4131 1176 4186; x_wconf 88' lang='lat' dir='ltr'>est.</span> 
     </span>
     <span class='ocr_line' id='line_1_30' title="bbox 301 4225 1175 4308; baseline -0.001 -22"><span class='ocrx_word' id='word_1_200' title='bbox 301 4225 347 4288; x_wconf 87' lang='lat' dir='ltr'>Tu</span> <span class='ocrx_word' id='word_1_201' title='bbox 369 4227 519 4297; x_wconf 83' lang='lat' dir='ltr'>dominus,</span> <span class='ocrx_word' id='word_1_202' title='bbox 541 4234 592 4289; x_wconf 92' lang='lat' dir='ltr'>tua</span> <span class='ocrx_word' id='word_1_203' title='bbox 614 4228 692 4287; x_wconf 85' lang='lat' dir='ltr'>iussa</span> <span class='ocrx_word' id='word_1_204' title='bbox 714 4246 836 4308; x_wconf 86' lang='lat' dir='ltr'>sequar,</span> <span class='ocrx_word' id='word_1_205' title='bbox 858 4235 888 4288; x_wconf 94' lang='lat' dir='ltr'>te</span> <span class='ocrx_word' id='word_1_206' title='bbox 910 4228 1043 4307; x_wconf 78' lang='lat' dir='ltr'>principe</span> <span class='ocrx_word' id='word_1_207' title='bbox 1065 4226 1175 4297; x_wconf 90' lang='lat' dir='ltr'>tollam,</span> 
     </span>
     <span class='ocr_line' id='line_1_31' title="bbox 373 4328 1105 4408; baseline 0.001 -18"><span class='ocrx_word' id='word_1_208' title='bbox 373 4328 410 4390; x_wconf 90' lang='lat' dir='ltr'>Ut</span> <span class='ocrx_word' id='word_1_209' title='bbox 432 4328 596 4408; x_wconf 85' lang='lat' dir='ltr'>quondam,</span> <span class='ocrx_word' id='word_1_210' title='bbox 620 4328 738 4388; x_wconf 75' lang='lat' dir='ltr'>(inuritis</span> <span class='ocrx_word' id='word_1_211' title='bbox 759 4330 896 4407; x_wconf 80' lang='lat' dir='ltr'>gentibus</span> <span class='ocrx_word' id='word_1_212' title='bbox 918 4349 987 4390; x_wconf 89' lang='lat' dir='ltr'>aere</span> <span class='ocrx_word' id='word_1_213' title='bbox 1009 4338 1105 4408; x_wconf 85' lang='lat' dir='ltr'>capnt.</span> 
     </span>
     <span class='ocr_line' id='line_1_32' title="bbox 303 4428 1163 4509; baseline 0.005 -21"><span class='ocrx_word' id='word_1_214' title='bbox 303 4428 359 4489; x_wconf 85' lang='lat' dir='ltr'>i’er</span> <span class='ocrx_word' id='word_1_215' title='bbox 380 4436 409 4490; x_wconf 89' lang='lat' dir='ltr'>te</span> <span class='ocrx_word' id='word_1_216' title='bbox 431 4431 546 4507; x_wconf 89' lang='lat' dir='ltr'>priscus</span> <span class='ocrx_word' id='word_1_217' title='bbox 568 4430 679 4500; x_wconf 90' lang='lat' dir='ltr'>bonor,</span> <span class='ocrx_word' id='word_1_218' title='bbox 703 4432 800 4509; x_wconf 89' lang='lat' dir='ltr'>prisea</span> <span class='ocrx_word' id='word_1_219' title='bbox 822 4440 994 4493; x_wconf 89' lang='lat' dir='ltr'>ornamenta</span> <span class='ocrx_word' id='word_1_220' title='bbox 1016 4433 1163 4503; x_wconf 84' lang='lat' dir='ltr'>redibunt,</span> 
     </span>
     <span class='ocr_line' id='line_1_33' title="bbox 246 4531 1053 4611; baseline 0.007 -23"><span class='ocrx_word' id='word_1_221' title='bbox 246 4549 272 4589; x_wconf 84' lang='lat' dir='ltr'>n</span> <span class='ocrx_word' id='word_1_222' title='bbox 371 4532 428 4591; x_wconf 75' lang='lat' dir='ltr'>Aut</span> <span class='ocrx_word' id='word_1_223' title='bbox 450 4549 504 4609; x_wconf 82' lang='lat' dir='ltr'>ego</span> <span class='ocrx_word' id='word_1_224' title='bbox 526 4539 669 4609; x_wconf 87' lang='lat' dir='ltr'>perpetua</span> <span class='ocrx_word' id='word_1_225' title='bbox 691 4531 833 4611; x_wconf 89' lang='lat' dir='ltr'>squallida</span> <span class='ocrx_word' id='word_1_226' title='bbox 856 4534 944 4594; x_wconf 85' lang='lat' dir='ltr'>sorde</span> <span class='ocrx_word' id='word_1_227' title='bbox 966 4536 1053 4595; x_wconf 82' lang='lat' dir='ltr'>ferar.</span> 
     </span>
     <span class='ocr_line' id='line_1_34' title="bbox 302 4630 1224 4713; baseline 0.009 -23"><span class='ocrx_word' id='word_1_228' title='bbox 302 4630 338 4691; x_wconf 77' lang='lat' dir='ltr'>At</span> <span class='ocrx_word' id='word_1_229' title='bbox 359 4639 408 4691; x_wconf 92' lang='lat' dir='ltr'>tua</span> <span class='ocrx_word' id='word_1_230' title='bbox 431 4631 507 4693; x_wconf 89' lang='lat' dir='ltr'>lenta</span> <span class='ocrx_word' id='word_1_231' title='bbox 530 4651 613 4693; x_wconf 91' lang='lat' dir='ltr'>mora</span> <span class='ocrx_word' id='word_1_232' title='bbox 636 4642 681 4694; x_wconf 89' lang='lat' dir='ltr'>est</span> <span class='ocrx_word' id='word_1_233' title='bbox 703 4652 859 4713; x_wconf 87' lang='lat' dir='ltr'>cossasque</span> <span class='ocrx_word' id='word_1_234' title='bbox 879 4637 910 4696; x_wconf 92' lang='lat' dir='ltr'>in</span> <span class='ocrx_word' id='word_1_235' title='bbox 931 4643 998 4695; x_wconf 81' lang='lat' dir='ltr'>rota</span> <span class='ocrx_word' id='word_1_236' title='bbox 1020 4643 1138 4697; x_wconf 90' lang='lat' dir='ltr'>tuorum</span> <span class='ocrx_word' id='word_1_237' title='bbox 1213 4645 1224 4652; x_wconf 84' lang='grc'><em>’</em></span> 
     </span>
     <span class='ocr_line' id='line_1_35' title="bbox 373 4731 1029 4813; baseline 0.005 -19"><span class='ocrx_word' id='word_1_238' title='bbox 373 4731 429 4803; x_wconf 82' lang='lat' dir='ltr'>Qui</span> <span class='ocrx_word' id='word_1_239' title='bbox 451 4752 518 4812; x_wconf 90' lang='lat' dir='ltr'>spe,</span> <span class='ocrx_word' id='word_1_240' title='bbox 542 4736 592 4813; x_wconf 91' lang='lat' dir='ltr'>qni</span> <span class='ocrx_word' id='word_1_241' title='bbox 614 4734 704 4795; x_wconf 84' lang='lat' dir='ltr'>dubio</span> <span class='ocrx_word' id='word_1_242' title='bbox 727 4754 910 4798; x_wconf 85' lang='lat' dir='ltr'>consenuere</span> <span class='ocrx_word' id='word_1_243' title='bbox 932 4744 1029 4799; x_wconf 90' lang='lat' dir='ltr'>metu:</span> 
     </span>
     <span class='ocr_line' id='line_1_36' title="bbox 303 4833 932 4915; baseline 0.005 -19"><span class='ocrx_word' id='word_1_244' title='bbox 303 4833 416 4896; x_wconf 84' lang='lat' dir='ltr'>interea</span> <span class='ocrx_word' id='word_1_245' title='bbox 439 4835 526 4897; x_wconf 92' lang='lat' dir='ltr'>nullis</span> <span class='ocrx_word' id='word_1_246' title='bbox 549 4854 604 4915; x_wconf 81' lang='lat' dir='ltr'>ego</span> <span class='ocrx_word' id='word_1_247' title='bbox 626 4855 686 4897; x_wconf 89' lang='lat' dir='ltr'>uon</span> <span class='ocrx_word' id='word_1_248' title='bbox 708 4836 835 4898; x_wconf 82' lang='lat' dir='ltr'>obnoxia</span> <span class='ocrx_word' id='word_1_249' title='bbox 857 4840 932 4909; x_wconf 88' lang='lat' dir='ltr'>latis,</span> 
     </span>
     <span class='ocr_line' id='line_1_37' title="bbox 245 4936 998 5019; baseline 0.004 -21"><span class='ocrx_word' id='word_1_250' title='bbox 245 4958 271 4998; x_wconf 72' lang='lat' dir='ltr'>aa</span> <span class='ocrx_word' id='word_1_251' title='bbox 372 4936 497 4999; x_wconf 86' lang='lat' dir='ltr'>Cuilibet</span> <span class='ocrx_word' id='word_1_252' title='bbox 518 4938 637 4999; x_wconf 84' lang='lat' dir='ltr'>audenti</span> <span class='ocrx_word' id='word_1_253' title='bbox 658 4940 758 5017; x_wconf 78' lang='lat' dir='ltr'>praeda</span> <span class='ocrx_word' id='word_1_254' title='bbox 780 4939 882 5001; x_wconf 83' lang='lat' dir='ltr'>relieta</span> <span class='ocrx_word' id='word_1_255' title='bbox 902 4948 998 5019; x_wconf 90' lang='lat' dir='ltr'>petor.</span> 
     </span>
     <span class='ocr_line' id='line_1_38' title="bbox 301 5037 953 5120; baseline 0.003 -21"><span class='ocrx_word' id='word_1_256' title='bbox 301 5038 346 5099; x_wconf 77' lang='lat' dir='ltr'>Ab</span> <span class='ocrx_word' id='word_1_257' title='bbox 368 5039 439 5098; x_wconf 86' lang='lat' dir='ltr'>sinis</span> <span class='ocrx_word' id='word_1_258' title='bbox 461 5037 572 5101; x_wconf 89' lang='lat' dir='ltr'>ltaliam</span> <span class='ocrx_word' id='word_1_259' title='bbox 595 5038 675 5100; x_wconf 93' lang='lat' dir='ltr'>nullo</span> <span class='ocrx_word' id='word_1_260' title='bbox 698 5047 795 5102; x_wconf 85' lang='lat' dir='ltr'>tutore</span> <span class='ocrx_word' id='word_1_261' title='bbox 818 5040 953 5120; x_wconf 78' lang='lat' dir='ltr'>relinqui,</span> 
     </span>
     <span class='ocr_line' id='line_1_39' title="bbox 373 5139 1092 5223; baseline 0.003 -23"><span class='ocrx_word' id='word_1_262' title='bbox 373 5139 544 5219; x_wconf 75' lang='lat' dir='ltr'>Regnorum</span> <span class='ocrx_word' id='word_1_263' title='bbox 567 5147 655 5219; x_wconf 88' lang='lat' dir='ltr'>capnt</span> <span class='ocrx_word' id='word_1_264' title='bbox 676 5141 733 5202; x_wconf 91' lang='lat' dir='ltr'>boc</span> <span class='ocrx_word' id='word_1_265' title='bbox 754 5144 929 5223; x_wconf 84' lang='lat' dir='ltr'>imperiique</span> <span class='ocrx_word' id='word_1_266' title='bbox 952 5143 1092 5204; x_wconf 72' lang='lat' dir='ltr'>domum?</span> 
     </span>
    </p>
   </div>
   <div class='ocr_carea' id='block_1_3' title="bbox 142 5435 1444 5613">
    <p class='ocr_par' dir='ltr' id='par_1_3' title="bbox 142 5435 1444 5613">
     <span class='ocr_line' id='line_1_40' title="bbox 216 5435 1444 5531; baseline -0.001 -19"><span class='ocrx_word' id='word_1_267' title='bbox 216 5460 239 5495; x_wconf 87' lang='lat'>¹⁸</span> <span class='ocrx_word' id='word_1_268' title='bbox 257 5458 368 5527; x_wconf 77' lang='lat' dir='ltr'>squalor</span> <span class='ocrx_word' id='word_1_269' title='bbox 379 5465 406 5514; x_wconf 85' lang='lat'>2.</span> <span class='ocrx_word' id='word_1_270' title='bbox 451 5462 472 5497; x_wconf 81' lang='lat'>²¹</span> <span class='ocrx_word' id='word_1_271' title='bbox 491 5435 630 5529; x_wconf 68' lang='lat' dir='ltr'>utrimque</span> <span class='ocrx_word' id='word_1_272' title='bbox 640 5468 714 5516; x_wconf 82' lang='lat' dir='ltr'>a...5.</span> <span class='ocrx_word' id='word_1_273' title='bbox 759 5463 781 5496; x_wconf 77' lang='lat'>³⁸</span> <span class='ocrx_word' id='word_1_274' title='bbox 799 5483 832 5515; x_wconf 81' lang='lat' dir='ltr'>un</span> <span class='ocrx_word' id='word_1_275' title='bbox 849 5465 999 5531; x_wconf 77' lang='lat' dir='ltr'>voluptas?</span> <span class='ocrx_word' id='word_1_276' title='bbox 1039 5463 1062 5498; x_wconf 78' lang='lat'>⁴⁸</span> <span class='ocrx_word' id='word_1_277' title='bbox 1080 5461 1218 5531; x_wconf 79' lang='lat' dir='ltr'>gentibue]</span> <span class='ocrx_word' id='word_1_278' title='bbox 1238 5462 1351 5528; x_wconf 75' lang='lat' dir='ltr'>regibus</span> <span class='ocrx_word' id='word_1_279' title='bbox 1369 5463 1444 5513; x_wconf 82' lang='lat' dir='ltr'>a...5.</span> 
     </span>
     <span class='ocr_line' id='line_1_41' title="bbox 142 5544 1376 5613; baseline 0 -16"><span class='ocrx_word' id='word_1_280' title='bbox 142 5545 169 5582; x_wconf 75' lang='lat'>⁴⁴</span> <span class='ocrx_word' id='word_1_281' title='bbox 189 5544 357 5613; x_wconf 68' lang='lat' dir='ltr'>squalleat.</span> <span class='ocrx_word' id='word_1_282' title='bbox 419 5546 443 5582; x_wconf 74' lang='lat'>⁴⁸</span> <span class='ocrx_word' id='word_1_283' title='bbox 458 5547 586 5601; x_wconf 55' lang='lat' dir='ltr'>Aratha.</span> <span class='ocrx_word' id='word_1_284' title='bbox 639 5556 747 5603; x_wconf 81' lang='lat' dir='ltr'>tuorum</span> <span class='ocrx_word' id='word_1_285' title='bbox 758 5552 784 5600; x_wconf 81' lang='lat'>2.</span> <span class='ocrx_word' id='word_1_286' title='bbox 859 5547 913 5583; x_wconf 58' lang='grc' dir='ltr'><em>Μ</em></span> <span class='ocrx_word' id='word_1_287' title='bbox 929 5550 1376 5602; x_wconf 66' lang='lat' dir='ltr'>Hoemmmoerma.</span> 
     </span>
    </p>
   </div>
   <div class='ocr_carea' id='block_1_4' title="bbox 0 0 1850 7044">
    <p class='ocr_par' dir='ltr' id='par_1_4' title="bbox 0 0 1850 7044">
     <span class='ocr_line' id='line_1_42' title="bbox 0 0 1850 7044; baseline 0 0"><span class='ocrx_word' id='word_1_288' title='bbox 0 0 1850 7044; x_wconf 95' lang='lat' dir='ltr'> </span> 
     </span>
    </p>
   </div>
  </div>
 </body>
</html>
