3625 7050
301 1217 372 1288 178
476 1231 644 1280 LXXXIIII.
664 1245 788 1281 narrum
801 1243 839 1279 an
851 1244 963 1280 cnorum
977 1245 1006 1278 ru
1021 1245 1149 1279 unierunt
1162 1245 1318 1280 ruarmo.
1339 1238 1399 1280 tots.

297 1419 420 1479 magnus
442 1398 579 1459 Albertus
601 1419 635 1458 ae
657 1398 866 1476 irrefragabilis
888 1400 1021 1477 qnidam,
1045 1401 1129 1458 onius
1151 1400 1221 1459 mibi
1244 1418 1352 1460 nomen
1374 1417 1430 1477 per
1452 1400 1591 1459 incuriam

299 1501 413 1562 excidit.
460 1508 488 1560 et
510 1520 525 1560 a
549 1502 635 1558 tantis
658 1502 804 1577 magistris
826 1503 898 1560 tanti
922 1500 1069 1579 discipuli.
1093 1501 1129 1560 ab
1153 1501 1316 1561 istiusmodi
1338 1500 1468 1560 lontibus
1491 1500 1522 1559 bi
1543 1500 1592 1558 riri

298 1610 379 1671 snut,
403 1610 436 1663 ut
457 1603 529 1661 sciat
551 1601 654 1679 aliquis
676 1602 712 1661 ad
729 1603 848 1661 Seruum
872 1609 1013 1679 qnantum
1036 1601 1121 1661 nobis
1143 1611 1248 1672 restet,
1271 1605 1321 1680 qui
1343 1604 1419 1662 inter
1434 1608 1593 1660 sectatores

229 1704 374 1764 §.ttillius
397 1711 454 1762 tam
479 1702 548 1763 uibil
571 1705 694 1770 seimus,
719 1711 776 1762 tam
800 1721 901 1763 siranus
925 1705 1070 1764 inerudite
1093 1705 1208 1765 eruditi.
1246 1721 1414 1782 quanquam
1437 1711 1468 1762 tu
1492 1700 1593 1761 solitus

296 1808 337 1866 sis
357 1807 463 1867 imitari
486 1807 535 1883 qni
559 1823 612 1862 rros
634 1804 703 1864 olim
725 1805 891 1865 docuerunt
914 1805 1102 1865 Celrurienses
1125 1814 1154 1866 et
1175 1806 1349 1886 syllogismis
1365 1803 1536 1868 fulminare.
1559 1820 1621 1860 aes
1713 1840 1741 1876 .:

297 1907 461 1985 siquando
484 1908 667 1984 provocante,
692 1905 827 1966 alacriter
844 1905 999 1983 congredi.
1023 1925 1188 1984 opponere,
1211 1926 1377 1975 assumere,
1400 1905 1591 1984 respondere,

298 2008 502 2069 conclusiones
524 2010 668 2068 sustinere
698 2008 742 2067 bis
771 2009 887 2084 triginta
919 2025 1144 2085 norrnnnqnam,
1178 2028 1304 2088 arguere
1330 2026 1385 2086 pro
1415 2015 1445 2066 et
1473 2014 1591 2066 eontra:

230 2121 287 2170 §.tt
299 2102 387 2189 quem
410 2108 450 2170 illi
471 2127 531 2168 non
546 2111 642 2168 statim
658 2109 799 2186 probant,
824 2109 901 2186 (pared
920 2127 977 2167 riou
994 2109 1154 2169 sorrnaliter
1170 2113 1287 2170 constris
1302 2115 1491 2188 argumenta:
1515 2107 1590 2185 qnod

297 2230 390 2290 genus
412 2219 455 2270 est
476 2210 525 2271 illa
547 2213 668 2288 quzestio
692 2210 744 2270 ‘Au
767 2211 880 2269 acutius
903 2210 1010 2288 aliquid
1035 2212 1133 2271 ridere
1156 2213 1284 2289 potuerit
1305 2218 1407 2289 raptus
1429 2211 1591 2269 intertium

298 2312 403 2373 colum
431 2312 552 2378 Paulus.
582 2330 670 2389 qnam
699 2314 727 2370 iu
750 2331 801 2371 sua
825 2311 913 2381 cella,
943 2330 1011 2372 enm
1032 2315 1120 2372 tantis
1142 2312 1389 2390 speculationibus
1418 2311 1676 2374 indormiretno
1696 2339 1740 2381 ι,

299 2414 454 2494 aliquando
477 2414 581 2473 doctor
602 2413 738 2482 sauctus',
762 2421 861 2482 acute,
885 2421 918 2473 ut
939 2414 1010 2473 mibi
1033 2413 1198 2482 ridebatur,
1222 2432 1275 2490 per
1297 2421 1325 2473 te
1348 2413 1511 2490 disputata,
1540 2411 1589 2469 sed

230 2517 335 2580 §.aab
358 2514 525 2575 illuminatis
546 2515 703 2575 Themistis
726 2516 775 2592 qui
798 2515 851 2574 soli
873 2515 1030 2575 cerebrum
1053 2514 1176 2585 babent,
1200 2514 1389 2575 discutienda.
1420 2514 1486 2574 Nou
1502 2514 1591 2590 magis

300 2626 365 2678 orto
387 2616 449 2678 sole
472 2626 647 2678 evanescunt
669 2593 787 2676 niiuirna
810 2616 930 2696 sydera,
955 2635 1041 2694 quarn
1063 2635 1131 2685 uos,
1156 2616 1258 2685 Crete,
1281 2623 1511 2694 qrmntocnnque
1525 2633 1591 2675 cou-

299 2727 403 2786 ventu‚
438 2718 565 2797 quodam
588 2738 619 2778 se
641 2717 803 2778 istiusmodi
832 2719 933 2777 larium
961 2717 1089 2778 clamoso
1118 2719 1311 2795 tripudiature
1340 2719 1509 2795 ingerente,
1542 2714 1591 2773 ob·

230 2822 377 2888 §.nscuri
399 2822 493 2880 burus.
546 2819 604 2878 Sed
633 2819 700 2878 audi
728 2837 827 2879 meum
855 2819 910 2878 boe
939 2820 966 2877 in
996 2837 1028 2878 re
1055 2819 1222 2880 eonsilium:
1252 2827 1406 2897 postquam
1437 2818 1509 2878 mibi
1536 2825 1619 2875 sto-e:
1638 2841 1670 2879 ι
1689 2844 1741 2882 -1;

299 2922 437 2983 maehum
461 2929 615 2982 moverunt
637 2923 683 2980 isti
706 2920 776 2980 olim
798 2920 918 2997 superbi
941 2920 1038 2998 legum
1062 2921 1294 2998 dispensatores,
1318 2921 1426 2989 lateor,
1456 2937 1521 2979 csse
1542 2917 1590 2978 ali·
1680 2957 1726 2969 -

300 3023 370 3102 quid
393 3023 530 3083 contendi
558 3030 586 3083 et
615 3043 650 3083 eo
678 3022 805 3082 studium
835 3021 944 3081 contuli
972 3042 1086 3120 mepur,
1121 3041 1155 3081 ac
1183 3022 1363 3100 dispeream,
1399 3023 1423 3081 si
1450 3019 1509 3081 ulla
1539 3018 1589 3078 alia
1669 3042 1726 3082 aa

299 3125 412 3185 ratione
428 3144 515 3204 (piram
530 3125 622 3194 velut
643 3143 776 3184 meorum
799 3123 953 3202 ‹lespderio
974 3125 1186 3193 satisfacerem,
1209 3122 1253 3182 rel
1275 3127 1369 3201 ipsum
1390 3122 1479 3191 illud,
1503 3139 1591 3200 quau·
1654 3157 1727 3183 -‚-

300 3235 480 3305 tumennque
507 3228 694 3304 nugatorium
724 3234 781 3294 est,
817 3245 875 3304 qno
903 3227 948 3285 isti
978 3226 1159 3303 triumplraut
1187 3224 1385 3292 llartbolistaa,
1419 3231 1591 3302 assequutus
1640 3242 1727 3282 as

301 3334 480 3406 acceptoque
503 3328 642 3388 doctrinae
664 3327 748 3388 titulo
770 3346 828 3406 qno
851 3328 946 3404 decipi
969 3326 1071 3405 uolgus
1094 3335 1184 3394 aurat,
1218 3326 1255 3385 ab
1283 3325 1339 3385 illis
1366 3334 1468 3405 postea
1499 3325 1589 3384 audiri
1638 3326 1741 3383 i⁶ia

231 3438 293 3488 §.ta
304 3448 449 3499 mererer,
480 3429 558 3507 qnod
587 3428 670 3489 aliter
698 3447 752 3506 per
781 3436 981 3506 contemptum
1010 3446 1068 3487 non
1099 3428 1194 3487 nebat.
1239 3428 1396 3488 lloetorem
1423 3429 1501 3487 enim
1530 3444 1591 3486 esse
1618 3442 1726 3485 941

300 3541 417 3611 oportet
432 3551 527 3601 nnnc,
552 3532 670 3592 tlottuur
687 3550 782 3609 neque
797 3550 918 3591 neeesse
934 3539 992 3598 est,
1016 3550 1112 3609 neque
1130 3532 1248 3590 (1111111110
1264 3530 1371 3609 aliquid
1388 3540 1441 3591 est.
1481 3531 1589 3601 Quanta
1613 3546 1724 3587 aa

300 3632 452 3694 literarum
474 3635 583 3694 iactura
607 3633 663 3692 boc
686 3634 793 3693 iacies?
815 3632 911 3692 aicbat
933 3632 1046 3711 aliquis.
1093 3633 1195 3694 ‘Nulla'
1218 3634 1372 3710 respondi,
1397 3634 1518 3712 ‘quippe
1540 3632 1650 3691 im·-
1663 3646 1723 3686 sr-

300 3735 488 3813 pendendum
510 3734 618 3813 aliquid
641 3736 773 3795 succisivi
789 3737 944 3812 temporis,
968 3734 1038 3794 dum
1055 3737 1123 3794 istas
1138 3734 1287 3795 illiteratos
1301 3734 1401 3794 literas
1416 3742 1505 3812 atque
1519 3734 1659 3793 banco
1671 3747 1723 3787 no

301 3905 402 3970 Aquam
415 3920 437 3953 a.
451 3905 582 3970 Aquinas,
597 3904 714 3968 Apulus,
735 3904 880 3969 theologus
892 3904 1071 3969 pbilosopbus
1084 3904 1282 3966 scholasticus,
1303 3919 1364 3954 eum
1378 3904 1506 3969 magistri
1519 3901 1608 3951 Petri
1617 3914 1673 3947 -ι
1684 3896 1722 3944 -ῑῐὶ

300 3989 614 4052 Lonibartli,*Magistri
633 3990 833 4038 sententiarum
853 3989 881 4051 (†
903 3987 997 4050 titt),
1018 3988 1267 4039 celebratissimum
1279 3989 1482 4039 sententiarum
1495 3987 1678 4037 turnum
1694 3996 1722 4028 m

302 4073 481 4138 iraterpretari
500 4074 644 4137 coepisset,
665 4074 799 4135 Coloniae,
820 4074 952 4135 Parisiis,
972 4074 1063 4122 Itomae
1083 4078 1110 4122 ct
1129 4074 1157 4122 in
1176 4074 1241 4123 aliis
1254 4073 1343 4123 Italiae
1357 4073 1522 4123 civitatibus
1534 4082 1671 4119 esu-n
1686 4079 1721 4112 .m

301 4158 404 4206 frimam
423 4150 571 4207 adsecutus
591 4164 647 4221 est,
667 4164 697 4207 nt
714 4160 787 4207 iuter
804 4159 1003 4207 Dorninicanos
1021 4172 1098 4218 enoc,
1124 4160 1169 4222 qui
1192 4158 1228 4207 ab
1247 4159 1307 4207 eius
1330 4160 1441 4208 nomine
1464 4156 1724 4206 reomaense

302 4247 448 4303 vocantur,
477 4242 668 4291 sanctissimus
687 4241 837 4291 haberetur
860 4242 1027 4307 et·‚augelus
1051 4242 1165 4304 scholae,
1194 4243 1291 4293 doctor
1312 4243 1472 4308 angelicus,
1500 4242 1668 4291 (lecturo
1683 4248 1725 4282 :⁰¹

303 4326 465 4384 eommunis,
487 4325 653 4374 cherubinos
673 4330 701 4373 et
720 4326 900 4389 evangelicus
920 4326 1141 4392 appellitaretnr.
1166 4332 1248 4376 nattis
1267 4332 1309 4376 est
1328 4344 1353 4376 a.
1370 4327 1453 4394 1224„
1474 4331 1726 4377 monuesnaa

303 4426 329 4458 a.
346 4409 417 4458 lata.
489 4407 495 4440 ¹
516 4410 597 4458 unice
615 4407 740 4474 maguus]
759 4411 889 4460 Albertns
907 4412 1096 4476 Irauingeueis
1114 4413 1232 4473 Saevus,
1258 4427 1339 4476 quem
1363 4412 1412 4462 alii
1431 4429 1465 4461 ex
1484 4410 1607 4461 tauriliaz
1622 4407 1653 4455 ἱ
1670 4403 1728 4452 lit·

303 4496 427 4556 nomine,
448 4492 497 4542 alii
510 4494 622 4543 honoris
636 4510 721 4544 carisa
734 4497 865 4560 Magnum
878 4497 1015 4545 nominari
1028 4501 1138 4560 putant,
1158 4497 1261 4545 ordinis
1274 4497 1487 4561 praedicatorum
1500 4498 1637 4545 doctam
1646 4495 1731 4539 ster

283 4573 470 4627 'Parisiensis
495 4595 520 4627 a.
538 4577 611 4628 1236.
647 4579 769 4629 Coloniae
789 4579 922 4628 'l'bonram
940 4581 1107 4644 Aquinatem
1129 4574 1295 4645 discipulum
1319 4581 1418 4631 habuit
1440 4588 1469 4631 et
1487 4583 1516 4630 in
1534 4585 1732 4629 acernam

302 4664 409 4725 urbem,
430 4670 574 4729 postquam
594 4680 618 4713 a.
635 4662 707 4713 tatto.
722 4666 868 4729 episeopus
882 4666 1094 4729 Ratisponensis
1108 4666 1199 4714 factus
1213 4666 1318 4726 fuerat,
1339 4682 1364 4715 a.
1382 4665 1455 4717 1203.
1470 4678 1621 4716 rerer-stu
1631 4667 1736 4709 32⁰³

303 4750 342 4798 ibi
362 4765 387 4798 a.
403 4748 475 4798 1280.
490 4751 550 4801 vita
563 4751 674 4800 functus
688 4753 738 4798 est.
770 4749 889 4814 Opermn
905 4750 964 4798 eius
977 4750 1104 4814 Lugduni
1119 4766 1144 4799 a.
1161 4749 1233 4800 1651.
1248 4751 1383 4801 editorum
1395 4757 1460 4801 suut
1472 4752 1610 4801 XXlro
1624 4756 1735 4796 ’110-

302 4833 407 4883 lumina
426 4834 453 4883 in
468 4834 524 4896 fol„
537 4833 692 4883 fabularum
706 4834 739 4882 de
753 4834 812 4883 viro
827 4839 971 4883 enatorum
984 4835 1209 4885 innumerabiles.
1558 4883 1560 4890 ,
1608 4879 1612 4886 .

371 4915 603 4984 ¹irresragabilis]
617 4918 774 4966 Alexander
800 4917 833 4965 de
861 4918 948 4968 Hales
975 4935 996 4969 s.
1023 4920 1169 4981 Halensis,
1200 4921 1418 4983 Franciscanns,
1450 4922 1739 4972 Bonaretaven·

303 5008 372 5052 tnrae
392 5008 421 5051 et
443 5004 519 5054 Secti
537 5004 678 5068 magister,
698 5002 816 5067 AngluS,
837 5003 855 5065 †
874 4987 963 5052 Paris.
984 5020 1008 5052 a.
1025 5004 1098 5053 lata.
1133 5005 1165 5052 111
1184 5006 1328 5070 epitaphio
1347 5008 1408 5056 eius
1427 5013 1485 5057 estc

540 5087 636 5137 Gloria
654 5088 808 5148 doctorum,
829 5088 914 5137 deeius
933 5092 961 5137 et
980 5089 1028 5137 flos
1046 5088 1279 5154 pbilosophorum,

539 5173 642 5221 Auctor
660 5174 823 5237 scriptorum
842 5173 884 5221 vir
901 5172 1058 5222 Alexander
1075 5174 1238 5237 variorunr,'

540 5256 640 5305 Normu
658 5257 860 5314 modernorum,
881 5256 943 5305 sons
963 5258 1034 5318 reri,
1056 5257 1101 5306 lux
1120 5258 1245 5308 aliorum.

304 5337 667 5405 ξ001011111113ε1.11111191
703 5340 943 5390 ⁷csrelufienssC.
979 5340 1129 5404 ”Quaestio
1149 5343 1450 5409 tlreelogieamurplt.
1492 5342 1603 5396 onii
1620 5332 1731 5382 slim

303 5425 564 5489 'l'lronras.raorp.I).
630 5423 650 5456 ¹⁸
673 5424 868 5489 tripuditotore
883 5425 916 5474 B.
983 5425 1003 5457 ¹⁶
1022 5427 1140 5492 Superbi
1159 5428 1221 5493 legii
1235 5427 1451 5494 dispensatores.
1470 5448 1559 5495 mag..
1616 5421 1724 5471 An·

305 5506 325 5540 ¹⁹
344 5506 658 5574 Bartholil'tre.raoa·p.l).
712 5516 856 5559 assecutus
869 5514 893 5557 5.
904 5513 929 5559 6.
982 5509 1001 5542 ²¹
1021 5519 1078 5569 c?
1095 5515 1216 5577 errrarg.D.
1271 5534 1275 5539 -
