3625 7050
349 1227 498 1281 CXLVIII.
518 1241 723 1280 rracnneruem
737 1241 773 1278 nn
787 1240 903 1279 aaaron.
917 1240 1048 1278 nusnnvu
1061 1241 1103 1277 nr.
1124 1240 1150 1277 a.
1163 1241 1189 1277 n.
1204 1235 1264 1277 tete.
1278 1241 1301 1278 s.
1316 1233 1374 1277 tate.
1445 1208 1517 1285 319

225 1412 333 1471 veteres
354 1402 505 1477 discipliuae
528 1403 702 1463 reviviscere,
730 1400 870 1457 literarum
891 1399 980 1457 studia
1003 1400 1101 1456 llorere
1123 1409 1152 1456 et
1173 1418 1267 1456 omncs
1292 1400 1371 1457 bonae
1398 1409 1470 1457 artes
1493 1403 1520 1457 iu

228 1506 314 1544 ueenr
343 1488 455 1563 prodire
483 1487 631 1561 incipiunt;
666 1486 764 1560 quihus
794 1485 866 1541 brevi
894 1485 1013 1541 universi
1042 1484 1081 1539 illi
1110 1485 1216 1540 barbari
1244 1486 1338 1541 hostes
1370 1486 1520 1559 profligari,

225 1572 292 1628 aelli
314 1581 343 1628 et
360 1572 470 1646 penitus
491 1589 506 1627 e
528 1571 616 1627 medio
640 1570 700 1626 tolli
722 1579 852 1644 possunt,
883 1570 921 1625 ita
943 1577 974 1625 ut
995 1579 1090 1625 nostra
1113 1569 1253 1625 Germania
1274 1586 1330 1625 non
1352 1570 1441 1626 solum
1464 1570 1520 1626 bel-

230 1658 276 1713 ica
304 1656 399 1719 laude,
429 1656 564 1712 maiorum
587 1654 730 1711 nobilitate
757 1673 788 1709 ac
816 1655 928 1711 Romani
954 1654 1060 1727 imperii
1089 1650 1293 1727 praeeminentia
1318 1654 1443 1716 excellat,
1473 1656 1520 1710 sed

225 1741 350 1798 amnium
375 1740 508 1797 bonarum
523 1739 676 1796 literarum
702 1739 829 1800 scientia,
858 1748 1017 1795 cunctarum
1044 1739 1248 1812 disciplinarum
1271 1739 1439 1801 eruditione,
1467 1739 1521 1795 cla-

225 1825 400 1882 rissimorum
420 1825 593 1898 ingeniorum
615 1824 755 1881 lmlieitate
778 1822 946 1885 illustretur,
969 1822 1136 1885 celebretur,
1157 1825 1309 1879 decoretur.
1351 1825 1521 1897 quandoqui·
1574 1833 1578 1839 '

225 1910 288 1966 lem
309 1909 342 1965 ad
366 1918 467 1965 tantam
489 1909 705 1982 consequendam
725 1908 863 1963 victoriam
883 1901 971 1982 neque
991 1907 1106 1963 militum
1128 1909 1206 1964 deest
1230 1908 1380 1970 exereitus,
1406 1909 1521 1982 impera-

225 2002 319 2051 torum
341 1994 423 2050 etiam
441 2001 568 2068 superest
586 2010 696 2048 manus:
725 2010 786 2048 nam
807 1999 838 2047 ut
860 1992 982 2066 reliquos
1005 1992 1156 2047 studiorum
1178 2001 1371 2066 praetereamus
1387 1993 1521 2047 relocilla-

225 2086 319 2140 tores,
342 2094 434 2134 nonne
456 2077 633 2132 illustrissimi
656 2076 695 2132 illi
719 2077 841 2132 Senoniae
861 2077 959 2138 huces,
979 2076 1100 2150 quamvis
1119 2077 1250 2132 maiorum
1272 2076 1359 2132 titulis
1381 2077 1448 2132 adeo
1466 2078 1521 2132 sint

225 2163 365 2236 insignes,
390 2162 487 2237 opibus
509 2171 562 2218 tam
584 2171 725 2235 potentes,
757 2162 838 2217 animi
860 2169 888 2217 et
909 2162 1034 2234 eorporis
1055 2160 1165 2217 dotibus
1185 2161 1297 2235 perinde
1319 2161 1466 2223 fortunati,
1490 2173 1521 2217 ut

225 2247 263 2302 nil
287 2247 321 2303 ad
343 2256 398 2302 tam
419 2246 575 2303 absolutum
597 2246 745 2302 loelicitatis
767 2246 904 2302 cumulum
926 2246 986 2301 addi
1005 2262 1086 2319 posse
1102 2246 1236 2309 videatur,
1264 2245 1336 2302 ultra
1356 2246 1414 2301 haec
1432 2255 1520 2301 tamen

224 2331 349 2387 literaria
372 2331 569 2387 instauratione
595 2331 788 2393 immortalem,
816 2348 906 2387 veram
931 2339 959 2386 et
986 2347 1124 2403 nunquam
1151 2330 1381 2385 intermorituram
1401 2330 1452 2385 sibi
1474 2348 1521 2404 pe·

225 2433 326 2491 perere
344 2414 467 2488 gloriam.
513 2433 591 2489 quam
611 2414 683 2470 enim
704 2415 848 2478 maiorem,
873 2413 1019 2470 lirmiorem
1044 2423 1072 2470 et
1093 2414 1278 2470 honestiorem
1301 2415 1343 2469 sui
1364 2415 1521 2470 memoriam

225 2516 343 2573 nmgnus
367 2498 411 2555 ille
431 2499 543 2555 llomani
566 2499 672 2573 imperii
694 2499 798 2555 elector
822 2499 994 2555 l'riderichus
1016 2497 1138 2554 Saroniae
1159 2497 1215 2553 ltux
1240 2498 1457 2572 incomparabilis
1480 2516 1522 2553 re·

225 2584 355 2657 linquere
376 2584 512 2657 potuisset
533 2601 613 2656 quarn
633 2583 714 2639 talem
736 2592 844 2656 tamque
867 2583 1006 2656 egregiam
1028 2583 1189 2638 academiam
1211 2583 1330 2655 erigere,
1357 2600 1417 2655 quae
1440 2583 1542 2637 etiam

225 2685 288 2726 cum
309 2668 407 2742 priscis
431 2667 484 2723 illls
501 2670 691 2729 contenderet.
714 2669 890 2743 praesentium
912 2684 974 2722 vcro
995 2667 1062 2722 nulli
1085 2662 1213 2730 inferior,
1237 2666 1361 2740 plurimis
1384 2677 1457 2722 esset
1476 2683 1521 2721 su·

225 2753 336 2828 perior:
371 2752 504 2827 siquidem
522 2752 581 2808 caeli
600 2753 661 2826 quis
682 2752 776 2809 stellas
799 2762 877 2809 autea
899 2761 1054 2809 numeraret
1077 2770 1155 2825 quarn
1177 2768 1266 2809 verani
1286 2752 1439 2808 studiorum
1462 2752 1522 2808 olli·

225 2838 316 2895 cinam
337 2835 410 2893 illam
429 2837 511 2910 digne
533 2836 643 2895 laudare
668 2845 715 2893 aut
743 2846 786 2893 tot
812 2838 1032 2894 doctissimorum
1058 2838 1176 2892 virorum
1203 2837 1298 2893 merita
1323 2837 1460 2910 praeconia
1479 2854 1522 2891 ce·

224 2921 336 2978 lebrare
358 2922 469 2995 posset?
502 2921 560 2978 Hee
580 2912 656 2977 nullo
682 2939 736 2978 non
752 2910 958 2978 inenrorandum
981 2939 1038 2977 aevo
1060 2922 1164 2996 primos
1187 2922 1270 2978 luisse
1293 2921 1521 2993 Vitenbergenses

226 3006 370 3081 sapientes
395 3006 441 3079 qui
463 3014 528 3080 post
549 3015 590 3063 tot
612 3006 700 3062 secula
726 3005 820 3064 oculos
842 3007 961 3081 aperire,
990 3023 1119 3061 verume
1142 3005 1210 3062 falso
1238 3006 1399 3079 dignoscere
1424 3014 1451 3060 et
1476 3005 1522 3059 de-

225 3098 367 3165 pravatam
395 3090 606 3164 philosophandi
636 3091 769 3147 rationem
798 3108 813 3146 a
841 3091 991 3147 Christiana
1021 3090 1160 3164 theologia
1186 3108 1328 3147 secernere
1361 3090 1521 3164 inceperint.

225 3174 315 3231 liuius
344 3174 412 3232 tanti
439 3175 571 3250 principis
597 3175 711 3248 vestigia
738 3185 870 3250 sequutus
900 3175 1103 3231 illustrissimus
1129 3176 1255 3232 dominus
1283 3183 1360 3236 tuus.
1388 3175 1522 3246 Georgius

225 3258 354 3315 Saxoniae
379 3260 433 3315 dux
459 3259 683 3322 lloreutissimus.
713 3261 760 3335 qui
787 3278 820 3317 ue
847 3270 946 3335 patruo
974 3260 1119 3316 virtutibus
1145 3261 1254 3317 cederet
1279 3268 1326 3315 aut
1347 3277 1412 3334 pace
1433 3260 1523 3314 minor

225 3360 311 3418 quam
334 3343 407 3400 belle
428 3353 516 3406 essct.
541 3344 705 3419 Lypsensem
728 3362 804 3401 suam
828 3346 988 3401 academiam
1011 3345 1047 3400 ita
1067 3346 1155 3401 doctis
1176 3346 1240 3401 viris
1258 3353 1384 3406 exornat,
1408 3345 1445 3399 ita
1465 3353 1523 3399 stu-

225 3428 340 3485 diorum
363 3428 493 3484 ineuriam
514 3428 661 3502 diligenter
682 3431 816 3491 emendat,
845 3430 882 3485 itu
911 3429 1042 3486 bonarum
1070 3430 1169 3485 artium
1193 3430 1307 3503 cupidos
1335 3430 1460 3502 instigat,
1492 3436 1523 3483 ut

225 3530 286 3569 non
308 3513 441 3571 minorem
461 3511 523 3569 inde
545 3513 660 3587 gloriam
682 3522 866 3589 consequatur
888 3533 968 3589 quam
992 3514 1195 3589 disciplinarum
1220 3515 1354 3572 candidati
1377 3513 1522 3570 utilitatem

225 3598 423 3672 adipiscantur.
467 3599 565 3672 quodsi
585 3599 674 3655 verbis
697 3599 815 3674 reliquas
837 3601 906 3655 tanti
930 3601 1022 3656 herois
1042 3600 1080 3655 tui
1103 3600 1218 3656 virtutes
1245 3598 1388 3673 complecti
1417 3598 1521 3659 vellem.

225 3682 268 3738 nil
292 3682 364 3738 aliud
387 3683 512 3757 prolecto
531 3700 640 3757 agerem
657 3701 737 3756 quarn
756 3685 823 3740 solis
845 3685 1017 3758 splendorem
1038 3684 1134 3740 laeulis
1157 3684 1303 3741 illustrare.
1340 3684 1473 3739 Caeterum
1494 3690 1524 3737 ut

228 3767 339 3823 tandem
368 3767 399 3823 ad
429 3766 575 3824 burianum
603 3778 728 3824 uestrum
758 3779 892 3830 revertar,
920 3786 972 3842 ego
1000 3768 1063 3830 tibi,
1091 3769 1127 3823 mi
1149 3768 1331 3825 eruditissime
1351 3768 1522 3840 llierenymc,

229 3859 285 3907 mm
314 3850 433 3926 lepidum
460 3852 606 3909 llhetorem
637 3863 665 3909 et
693 3862 834 3910 venustum
863 3853 968 3909 dicendi
991 3853 1151 3925 magistrum
1170 3853 1278 3914 dedico,
1307 3869 1363 3908 non
1383 3851 1471 3908 solum
1494 3858 1524 3905 ut

227 3936 358 3992 amicitiae
370 3944 481 3993 uestrae
502 3936 603 4011 pignus
626 3937 662 3994 sit
677 3939 879 4000 certissimum,
908 3937 955 3993 sed
977 3937 1200 4010 qrremadmodum
1223 3954 1266 3992 me
1284 3935 1349 3991 olim
1372 3936 1398 3991 in
1419 3935 1524 3991 bellicis

229 4019 314 4076 rebus
335 4019 496 4077 Martialium
517 4022 656 4096 copiarum
677 4024 772 4079 ducem
790 4040 850 4078 esse
871 4022 977 4085 vidisti,
1005 4021 1041 4077 ita
1063 4039 1135 4079 nuuc
1156 4022 1183 4077 iu
1207 4021 1407 4077 heuchlinianis
1426 4020 1524 4076 castris

230 4104 342 4161 ordines
362 4112 503 4179 gerentem
524 4123 579 4162 non
601 4107 711 4180 penitus
733 4108 858 4181 ignavum
877 4094 1053 4175 ἀλεξίκακον
1075 4124 1135 4162 esse
1150 4124 1312 4180 cognoscas,
1335 4105 1448 4161 maxime
1463 4122 1524 4160 curn

234 4197 264 4244 tu
288 4206 398 4263 quoque
420 4178 591 4263 ἀλαστόρων
609 4191 720 4248 illorum
742 4192 897 4266 praecipuus
919 4191 1007 4247 hostis
1029 4192 1129 4247 existas
1148 4200 1176 4247 ct
1195 4192 1223 4246 in
1239 4191 1433 4247 lleuchliniano
1451 4208 1524 4246 corrr-

232 4273 332 4329 militie
362 4273 443 4346 (ahsit
470 4275 553 4331 verbo
584 4276 691 4349 invidia)
719 4277 866 4334 acerrimus
895 4285 1086 4351 propugnator
1119 4276 1251 4332 habearis.
1301 4276 1398 4350 Accipe
1431 4276 1524 4348 igitur,

232 4357 396 4433 Hieronymo
417 4360 590 4421 amicissime.
615 4378 712 4418 munus
734 4371 763 4418 ut
785 4362 904 4419 arbitrer
926 4379 980 4418 non
1004 4362 1115 4419 omnino
1142 4363 1291 4435 ingratum,
1314 4380 1345 4418 ac
1366 4361 1525 4418 bilibaldum

232 4450 310 4499 tuum
334 4461 426 4499 amore
450 4454 478 4499 et
505 4444 706 4507 benevolentia,
733 4456 763 4502 ut
787 4465 896 4522 semper
921 4448 1025 4510 fecisti,
1051 4465 1228 4522 prosequere.
1272 4446 1386 4505 Paulum
1414 4447 1525 4503 Pracht·

232 4526 350 4583 bectium
372 4527 585 4586 iureconsultum
607 4529 785 4588 clarissimum
815 4541 843 4588 et
862 4532 1022 4589 llcnricum.
1036 4533 1204 4589 Stromerum
1234 4533 1365 4588 medicum
1394 4540 1526 4606 praestan·

233 4612 368 4669 tissimum
390 4630 450 4669 meo
473 4614 581 4671 nomine
600 4615 703 4679 saluta,
727 4625 757 4672 tu
779 4635 888 4691 queque
911 4619 999 4675 lauste
1022 4627 1050 4674 ct
1072 4618 1199 4675 loeliciter
1219 4618 1277 4674 rire
1299 4636 1329 4674 ac
1347 4617 1413 4674 vale.

301 4825 323 4860 ¹⁴
340 4830 518 4892 „Fridericus
531 4830 668 4882 Saxonum
680 4832 734 4883 <lux
745 4833 879 4884 bonorum
890 4833 1034 4885 literarum
1047 4835 1242 4885 instaurarem.
1261 4836 1298 4884 ad
1307 4849 1387 4898 marg.
1424 4831 1445 4864 ¹⁹
1458 4832 1525 4895 „Vi-

228 4912 433 4978 tenbergenses
454 4914 590 4981 Theologi
613 4916 800 4968 Christianam
824 4913 925 4969 docent
946 4919 1132 4984 theologiom'’
1157 4922 1182 4968 in
1204 4935 1285 4984 nrarp.
1322 4916 1525 4984 (Pirclrheime-

229 5011 279 5047 raas
304 5012 365 5046 cum
389 4998 449 5048 haec
473 5000 625 5064 scriberet,
649 5002 793 5052 Emserum
816 5004 980 5053 acerrimum
1003 5004 1098 5053 horum
1122 5003 1311 5068 theologorum
1334 5004 1442 5066 hostem
1466 5017 1527 5051 mox

228 5081 355 5132 futurum
375 5097 508 5133 essenon
527 5089 570 5134 est
589 5085 761 5151 auguratus.)
853 5086 873 5118 ⁸¹
899 5090 927 5137 in
951 5088 1044 5138 bellic.
1065 5084 1132 5152 reh]
1157 5096 1253 5137 contra
1272 5088 1430 5149 Helvetios,
1456 5086 1527 5151 quod

227 5165 337 5217 bellum
350 5167 462 5215 Pirckh.
478 5155 682 5220 eerrimenteriis
699 5171 855 5236 descripsit.
877 5173 920 5223 cf.
934 5173 1026 5240 pelte.
1042 5174 1058 5221 i.
1074 5173 1093 5225 l.
1142 5170 1163 5203 ³³
1180 5163 1268 5238 α’λεξ]
1288 5172 1418 5222 mulorum
1432 5170 1527 5236 depul-

225 5267 322 5302 sorem
375 5240 582 5316 ”eileictreetev
599 5254 656 5318 (ste)
673 5257 696 5305 1.
733 5256 914 5307 scelestorum
934 5259 1061 5321 (fratrum
1079 5256 1301 5311 cucullatorum.
